1377 2428
530 54 650 83 LIBER
675 52 732 80 lv.

1164 43 1224 77 403

40 121 147 157 L‘ndc
163 129 262 154 nova
277 117 464 165 ingressus
480 111 677 148 hominum
697 105 929 156 experientia
949 102 1071 152 cepit?

90 184 219 216 Pastor
234 176 413 212 Aristaeus
431 172 575 222 fugiens
591 169 725 206 Peneia
740 170 880 215 Tempe
890 192 899 209 ,

39 241 211 288 Amissis,
232 247 273 273 ut
290 237 405 280 fama,
425 233 559 284 apibus
576 229 786 278 morboque
806 227 997 275 fameque,

40 378 129 409 nobis
143 376 236 407 codd.
253 375 336 416 apud
352 374 498 404 Pieriusn.
516 371 610 400 Vobis

41 425 104 456 Erf.
117 435 132 453 a
149 434 190 453 m.
208 434 256 463 pr.
269 439 313 444 ——
325 423 341 451 3
352 421 401 450 16.
422 419 511 449 Unde
529 428 610 447 ηονα

40 470 200 501 hominum
235 466 434 508 experientia
455 465 538 506 cepit
563 465 610 493 in-

38 527 180 559 gressus,
207 515 320 544 habuit
349 512 494 549 exordi33
525 510 609 541 unde

40 564 212 604 processit:
231 571 291 601 qua
321 571 354 590 re
385 559 527 589 homines
557 557 610 586 ad-

41 610 130 639 ducti
141 609 179 638 ad
192 609 272 637 hane
288 615 383 637 artem
397 606 436 635 ab
450 605 613 645 experien-

40 657 82 685 tia
103 655 332 695 suppeditatam
354 652 511 693 progressi
526 658 610 681 sunt.

41 705 167 732 Lucret.
188 703 223 738 Ι,
254 701 318 735 384
339 710 346 730 :
379 700 468 729 Unde
500 697 613 727 initum

36 749 177 788 primum
194 747 302 787 capiat
320 756 368 776 res
389 755 523 785 quaeque
548 754 614 772 mo-

42 794 145 824 vendi.
163 796 280 824 Totum
300 792 387 822 hunc
414 792 521 821 locum
535 800 551 819 a
570 801 614 819 se-

43 841 154 870 cundis
183 847 285 881 poetae
321 839 404 868 curis
434 837 613 878 profectum

43 898 127 925 esse,
159 887 289 916 tradunt
316 884 530 914 Grammatici.
564 884 612 912 De

42 935 178 964 Aristaeo
207 933 271 962 vid.
298 931 394 961 modo
419 930 458 959 ad
484 939 609 959 versum

47 980 123 1014 233.
152 979 250 1021 Quod
280 979 446 1007 inventiun
469 974 612 1005 reficien-

44 1028 156 1058 darum
178 1036 272 1067 apum
292 1024 330 1054 ad
357 1034 429 1053 eum
454 1022 588 1052 refertur
604 1043 612 1057 ‚

44 1077 209 1114 ignoratur
245 1082 310 1111 quo
339 1069 484 1109 exemplo
522 1069 614 1097 Maro

44 1121 172 1157 fecerit3
196 1120 361 1160 ignoratur
388 1125 532 1156 quoque,
550 1123 614 1154 quo

45 1171 175 1197 auctore
193 1165 327 1195 Aristaeo
345 1163 465 1192 crimen
490 1165 617 1190 tentatae

45 1212 221 1253 Eurydices
235 1212 407 1250 impactum
421 1209 469 1238 sit.
487 1209 535 1237 Ex
550 1217 618 1246 per-

46 1261 150 1300 petuis
160 1258 223 1287 fere
237 1255 388 1295 exemplis
400 1257 618 1285 Romanorum

46 1313 213 1346 poetarum
235 1302 275 1332 ad
291 1303 419 1331 Graecos
435 1311 466 1329 se
489 1309 619 1339 compo-

47 1352 193 1381 nentium
210 1372 219 1387 ,
251 1349 396 1388 inprimis
435 1346 563 1386 Virgilii
589 1352 620 1375 et

49 1397 193 1431 Horatii,
213 1402 244 1424 et
267 1394 306 1423 ad
329 1404 455 1423 sensum
482 1392 620 1430 cujusvis

49 1445 110 1473 viri
141 1442 246 1478 docti,
282 1441 337 1481 qui
366 1440 502 1469 lectione
533 1438 620 1466 varia

50 1490 190 1519 animum
206 1487 244 1517 ad
258 1487 326 1516 haec
339 1486 459 1526 paravit
471 1491 502 1514 et
517 1484 619 1519 acuit,

49 1535 87 1565 fit
114 1533 301 1575 probabile,
332 1532 441 1561 saltem
468 1530 620 1570 suspicari

48 1582 139 1618 licet,
158 1581 209 1610 vel
236 1590 275 1609 ex
296 1588 419 1608 summo
439 1586 545 1606 rerum
568 1586 621 1605 or·-

51 1634 128 1657 natu
138 1650 146 1663 ,
157 1628 322 1657 Maronem
338 1624 389 1654 hic
406 1623 504 1652 alium
514 1644 522 1658 ,
537 1632 621 1650 euni-

50 1684 110 1714 que
120 1674 267 1703 Graecum
276 1678 411 1711 poetam,
422 1669 618 1708 expressisse.

50 1720 159 1750 Fuisse
181 1726 268 1748 vetus
287 1727 414 1757 poema,
429 1712 595 1758 Βουγονίαν
611 1735 619 1749 ,

51 1766 111 1795 sub
135 1764 260 1795 Eumeli
288 1762 494 1802 antiquissimi
519 1767 620 1801 poetae

52 1813 202 1848 nomine,
227 1821 268 1840 ex
292 1809 469 1839 Eusebiano
486 1806 621 1838 Chroni-

53 1869 91 1888 co
120 1864 266 1887 constat:
288 1866 378 1885 num.
404 1864 507 1890 MCCL‚
529 1859 560 1882 et
576 1852 623 1881 ibi

52 1904 162 1944 Scalig.
186 1913 260 1931 cum
281 1902 415 1931 vallars.
442 1907 472 1929 et
495 1899 620 1930 Salmas.

53 1950 92 1980 ad
106 1949 204 1980 Solin.
215 1959 247 1988 p.
259 1948 324 1976 602
336 1969 344 1983 ‚
357 1947 434 1976 603.
451 1947 504 1975 An
517 1945 544 1974 is
556 1945 622 1984 ipse

43 2003 158 2026 *autem
182 1993 220 2024 ad
237 1995 408 2024 Aristaeum
427 1999 524 2021 artem
539 1997 623 2020 retu-

52 2042 143 2079 lerit,
162 2040 251 2081 quod
270 2050 287 2069 a
305 2039 451 2070 Salmasio
473 2036 624 2067 affirmari

52 2088 146 2118 video
157 2110 166 2125 ‚
185 2087 273 2116 nulla
288 2086 474 2115 auctoritate
488 2089 621 2113 constat.

53 2135 139 2175 Sapit
160 2140 264 2163 totum
283 2137 499 2162 commentum
521 2136 624 2170 poetae

53 2179 263 2211 Alexandrini
280 2179 474 2220 ingeniosam
489 2176 624 2206 suavita-

663 376 736 398 tem.
772 366 900 397 Philetae
934 373 1058 392 versun]
1084 361 1231 390 excitarit

663 416 844 455 Antigonus
860 412 984 451 Caryst.
1004 420 1030 439 c,
1052 410 1104 438 23.
1123 410 1233 448 Berge-

662 460 750 497 νέας,
779 457 932 501 φάμενος,
960 451 1156 498 πρεσεὲτῖσκῡ
1175 462 1233 494 μα.-

663 504 723 550 κρὸι
740 504 884 549 μελίσσας
896 528 904 542 ‚
921 503 947 531 si
966 502 1061 532 modo
1079 500 1173 530 verba
1193 509 1235 528 sa-

663 565 703 584 na
720 561 802 584 sunt.
824 551 976 582 Fabulam
1005 550 1102 589 ipsam
1127 546 1165 575 de
1182 546 1234 574 lm-

662 601 764 642 gonz'a
776 599 907 639 exponit
918 599 963 627 Or
970 595 1011 625 id.
1023 597 1104 625 Fast.
1120 595 1145 630 Ι,
1160 593 1200 621 36
1209 602 1236 622 x:

665 649 744 678 Met.
762 648 835 682 XV,
852 645 912 674 361
933 653 979 682 sq.

717 695 733 724 3
743 705 753 723 1
763 704 778 731 7
786 717 792 723 .
805 693 957 722 Aristaeus
971 699 1009 718 ex
1024 692 1127 716 mente
1138 691 1238 725 poeta·

667 748 736 770 tuin
745 742 778 769 in
786 737 942 769 Thessalia
949 734 1091 775 degebat,
1101 731 1239 761 necdum

669 787 762 817 Ceam
780 785 906 814 adierat.
925 780 1062 822 Fugiens
1073 778 1175 818 simpl.
1193 787 1241 805 re-

666 833 813 873 linquens
843 832 978 869 Tempe,
998 825 1161 855 discedens
1192 825 1240 852 in-

667 879 705 909 de
719 879 757 908 ad
779 884 875 917 capnt
888 874 1012 909 amnis,
1036 871 1151 907 Penei,
1168 870 1239 900 fon-

667 933 739 955 tem.
759 926 808 955 Sic
827 924 897 953 fons
917 920 1040 951 Timaui
1062 936 1109 941 ——
1130 927 1240 946 novem

667 982 724 1001 ora
740 971 845 1007 AEn.I‚
866 968 930 1004 245
942 990 951 1003 ‚
974 966 1049 1001 246.
1068 964 1242 1006 Ignoratio-

668 1029 707 1047 ne
729 1018 826 1047 totius
854 1013 1078 1056 phantasmatis
1100 1010 1241 1052 poetici,

669 1065 746 1094 olim
760 1065 977 1093 Burmannuni
998 1067 1114 1088 temere
1129 1067 1244 1097 sequu-

670 1117 720 1140 tus
730 1133 739 1146 ‚
760 1110 877 1139 ostium
892 1107 987 1138 Penei
1005 1105 1139 1145 intelligi
1155 1103 1242 1133 vole-

670 1156 753 1187 bam.
783 1157 878 1188 Vetat
906 1160 1010 1184 tamen
1041 1151 1104 1182 hoc
1134 1160 1242 1180 rerum

671 1204 789 1244 species
814 1208 845 1231 et
862 1200 1009 1230 locorum
1032 1197 1113 1225 ratio
1125 1218 1133 1233 ‚
1147 1204 1242 1235 quam

671 1257 773 1290 poetae
798 1249 903 1277 animo
930 1243 1078 1274 insedisse
1098 1241 1243 1270 manifes-

672 1303 741 1325 tum
752 1302 815 1332 est3
833 1293 952 1323 etiamsi
970 1299 1153 1320 concessero
1164 1310 1172 1324 ‚
1189 1297 1244 1316 ca-

666 1350 746 1382 put,
767 1343 815 1371 uti
838 1350 890 1374 05,
920 1348 996 1374 ora,
1018 1336 1057 1365 de
1072 1334 1245 1364 fluminum

673 1389 754 1418 ostio
782 1386 845 1415 dici
865 1395 971 1425 posse,
988 1381 1075 1422 quod
1099 1380 1243 1410 docuisse

673 1434 734 1463 sibi
762 1434 848 1462 visus
877 1437 922 1459 est
945 1432 1053 1459 Burm.
1078 1426 1116 1456 ad
1138 1426 1243 1456 Valer.

672 1480 776 1510 Flacc.
793 1481 823 1508 V
835 1501 842 1515 ,
867 1478 943 1507 351.
972 1477 1090 1504 Lucan.
1115 1474 1144 1501 II
1156 1494 1165 1508 ‚
1182 1472 1222 1501 52
1234 1493 1242 1507 ‚

673 1526 822 1555 adversus
845 1533 940 1564 quem
963 1521 1055 1550 docte
1081 1518 1243 1558 disputan·

674 1579 737 1602 tem
753 1570 824 1601 vide
843 1572 980 1600 Ouwens
995 1568 1096 1597 Nocte
1115 1566 1193 1605 Hag.
1211 1574 1243 1603 p.

678 1619 740 1659 598
759 1628 827 1656 sqq.
855 1617 922 1646 Nec
952 1622 1110 1643 assensum
1140 1611 1245 1650 expri-

673 1671 766 1694 munt
792 1673 847 1692 seu
869 1661 921 1690 illa
938 1683 946 1697 ‚
965 1657 1101 1689 extremi
1120 1655 1242 1690 amnis,

674 1722 729 1741 seu
743 1721 777 1739 ea
787 1732 795 1746 ‚
815 1718 885 1748 quae
902 1707 983 1736 infra
999 1709 1168 1734 memorata
1182 1712 1244 1731 vss.

677 1756 856 1797 359—-362
871 1765 879 1790 ς
894 1753 960 1782 haec
974 1752 1060 1781 enim
1075 1748 1113 1779 ad
1126 1749 1246 1778 fontem

675 1811 706 1833 et
723 1804 813 1832 initia
832 1800 972 1829 fluminis
988 1807 1054 1826 non
1070 1797 1175 1825 minus
1190 1793 1245 1822 be-

675 1861 715 1879 ne
729 1848 839 1878 referri
855 1851 987 1886 queunt.
1005 1845 1084 1873 Sane
1103 1847 1227 1870 antrum
1237 1862 1245 1876 ‚

675 1907 716 1926 ex
730 1905 794 1936 quo
812 1894 882 1922 fons
900 1889 1100 1931 progreditur
1111 1910 1119 1925 ‚
1136 1896 1247 1927 perpe-

675 1949 731 1972 tua
746 1939 830 1981 apud
840 1944 947 1979 poetas
956 1936 1130 1965 fluviorum
1143 1933 1225 1972 regia
1239 1954 1247 1965 ,

675 1986 932 2028 etNympharum
941 1982 1028 2012 sedes
1038 1993 1046 2019 ;
1059 1979 1142 2010 conf.
1153 1981 1248 2018 Spen-

676 2046 730 2071 ce,
748 2033 902 2073 Polymet.
922 2039 992 2070 pag.
1013 2027 1077 2057 226
1090 2049 1098 2063 ‚
1120 2035 1182 2062 227
1195 2035 1203 2061 3
1217 2031 1249 2053 et

675 2090 763 2111 nunc
782 2085 869 2108 antra
895 2084 925 2106 et
948 2082 1027 2105 vasti
1051 2081 1189 2102 recessus
1213 2080 1249 2099 111

675 2125 850 2157 visceribus
868 2131 958 2153 terrae
985 2117 1182 2160 intelligendi
1211 2115 1249 2145 ad

677 2183 756 2214 quos
770 2182 826 2213 per
838 2171 942 2211 ipsum
952 2168 1071 2197 fontem
1081 2165 1248 2195 descensus
