1408 2428
579 77 698 108 LIBER
723 78 747 106 1.
1203 90 1213 108 1
1228 81 1262 114 ’,3

87 134 236 183 Quique
253 134 340 171 satis
361 136 504 184 largum
525 136 617 171 coelo
636 136 829 172 demittitis
850 136 1019 172 imbrem.

137 197 270 244 Tuque
288 196 381 232 adeo
393 224 403 241 ‚
424 208 534 244 quem
554 207 642 231 mox
657 209 740 244 quae
761 196 833 232 sint
850 196 1027 232 habitura
1044 195 1200 234 deorum

86 254 269 299 Concilia,
287 255 469 291 incertum
483 264 556 299 est,
573 254 726 291 urbisne
744 256 920 300 invisere,
938 258 1078 301 Caesar‚

1236 266 1266 289 25

85 315 361 364 Terrarumque
376 316 467 352 velis
488 328 634 360 curam,
652 324 688 352 et
704 324 740 352 te
760 328 954 352 maxumus
972 314 1074 352 orbis

88 479 259 520 tepentibus
283 481 367 510 auris
386 482 570 511 Mulcebant
590 485 651 512 Ze-

83 526 171 565 plziri
198 535 288 556 natos
313 527 381 557 sine
405 528 524 557 semine
537 528 650 570 flores.

89 573 195 603 —23.
214 573 378 602 Dimittitis
394 574 446 602 alii
462 584 510 614 ap.
528 576 633 604 Burm.

136 624 189 653 24.
218 620 372 649 Omnibus
401 620 459 648 diis
486 621 650 657 invocatis,

90 664 168 694 adeo
187 672 217 694 et
237 672 286 700 tu,
306 676 325 694 o
343 666 454 701 Caesar,
474 666 556 694 adsis
577 676 651 706 pro-

89 711 200 750 pitius,
215 718 362 750 tanquam
379 722 454 740 mox
477 711 553 741 deus
568 713 652 741 futu-

91 766 158 791 rus,
174 766 353 796 quanquam
368 758 523 787 incertum
538 765 583 787 est
599 769 652 788 cu-

89 802 138 838 jus
147 802 267 831 ordinis
277 813 312 831 ac
322 804 456 842 generis3
471 804 653 843 quicunque

92 854 196 877 tamen
218 848 294 877 deus
318 850 441 877 futurus
466 859 513 884 es,
537 860 566 878 v.
593 855 651 884 40,

93 893 184 924 adsis.
210 912 255 916 —
275 894 328 924 25.
356 893 495 923 Consilia
524 895 651 933 quidam

93 940 178 979 apud
197 941 343 970 Pierium.
358 958 404 962 —
423 940 517 969 Urbes
532 941 649 971 Medic.

93 996 165 1014 cum
187 986 347 1015 nonnullis
364 986 450 1023 aliis,
477 993 514 1015 ut
536 988 652 1016 vitetur

92 1031 286 1071 ambiguitas,
300 1043 339 1061 ne
350 1032 431 1060 urbis
444 1043 502 1072 pro
511 1034 652 1063 secundo

92 1087 165 1106 casu
181 1077 333 1107 habeatur
347 1088 354 1108 ε
370 1078 423 1108 sed
439 1078 561 1107 urbisne
575 1090 650 1108 auc-

92 1124 215 1152 toritate
222 1131 282 1154 vet.
291 1126 566 1164 grammaticorum
579 1136 652 1154 con-

91 1166 233 1198 firmatur
250 1170 334 1210 apud
351 1171 431 1200 Gell.
447 1172 536 1207 XIII,
552 1182 653 1201 20.—

93 1214 222 1244 Urbisne
237 1215 366 1246 invisere
376 1239 384 1253 ,
402 1217 517 1253 Coesar,
543 1219 653 1247 Terra-

89 1270 218 1301 rumque
230 1262 314 1292 velis
327 1274 432 1292 curam
443 1275 455 1299 ,·
472 1271 503 1292 et
514 1280 562 1288 —
571 1265 652 1293 mul-

90 1307 128 1335 tis
137 1308 239 1337 modis
249 1308 315 1338 haec
329 1310 411 1339 inter
425 1320 457 1339 se
473 1316 503 1338 et
519 1321 591 1339 cum
607 1321 654 1339 ce-

91 1353 163 1381 teris
175 1354 266 1393 jungi
279 1363 420 1394 possunt.
437 1356 592 1385 Omnibus
608 1363 652 1385 ta-

90 1408 163 1426 men
183 1402 323 1436 tentatis,
337 1401 425 1429 nulla
444 1408 489 1430 est
508 1403 587 1429 ratio
602 1407 652 1430 tu-

91 1444 162 1480 tior,
177 1454 271 1483 quam
286 1452 322 1473 ut
334 1445 466 1474 invisere
481 1446 569 1475 urbes
584 1457 653 1486 pro-

91 1490 157 1529 prie
173 1489 293 1519 dictum
311 1492 510 1530 accipiamus,
526 1498 654 1531 tumque

90 1536 124 1564 in
146 1535 244 1565 altero
265 1537 406 1567 membro
429 1537 653 1567 substituamus

91 1591 132 1610 ex
152 1592 223 1611 voc.
244 1581 375 1611 invisere
398 1583 573 1623 generalem
594 1595 651 1613 110—

92 1628 209 1657 tionem
227 1626 353 1664 habere,
367 1630 535 1668 suscipere,
554 1637 652 1659 terra-

92 1683 159 1702 rum
180 1684 297 1703 curam.
320 1676 367 1713 De
391 1674 445 1704 tali
464 1675 554 1704 verbi
572 1677 652 1713 ejus-

93 1718 164 1748 dem
184 1720 333 1757 junctura
355 1720 475 1760 duplici
494 1732 524 1752 v,
544 1723 651 1752 Burm.

94 1774 129 1793 ac
148 1765 250 1796 Bentl.
275 1765 316 1795 ad
334 1767 443 1797 Horat.
459 1767 561 1798 Carm.
581 1768 606 1804 I,
625 1778 652 1804 1,

97 1820 125 1847 7.
141 1812 270 1851 Proprie
288 1811 335 1840 dii
352 1811 482 1842 invisere
503 1813 655 1843 dicuntur

97 1863 190 1885 terras
202 1857 238 1885 'et
254 1857 362 1894 urbes,
378 1869 455 1898 quas
471 1866 525 1888 aut
541 1861 652 1899 praeci-

94 1912 156 1941 pue
172 1909 275 1931 amant
288 1910 319 1932 et
333 1905 454 1940 colunt,
473 1912 527 1934 aut
540 1906 574 1934 in
588 1907 655 1945 qui-

95 1947 155 1976 bus
170 1949 312 1977 instituta
330 1949 390 1978 sibi
403 1950 502 1979 sollen
528 1951 534 1957 '
570 1961 677 1992 sacra&

95 1993 303 2033 frequentant.
318 1995 365 2023 De
376 1995 425 2024 his
439 1991 565 2037 ἐπιδ-ημι
602 2003 658 2030 ’,εἰ

97 2037 293 2080 ἐπιφανείαις
315 2039 446 2069 deorum
470 2042 532 2081 agit
558 2044 656 2081 Span-

95 2083 179 2115 hem.
198 2083 235 2114 ad
249 2085 369 2116 callim.
382 2087 417 2115 in
433 2087 539 2126 Apoll.
553 2097 583 2116 v.
604 2088 654 2117 13.

97 2131 167 2159 Hoc
179 2131 250 2161 loco
264 2138 370 2161 tamen
383 2131 514 2161 invisere
529 2143 593 2162 esse
608 2133 655 2162 vi-

97 2175 189 2206 detur
215 2178 368 2217 inspicere
384 2200 392 2215 ,
422 2176 557 2220 ἐφορᾷν;
581 2188 653 2208 nam

705 482 872 520 subjicitur
895 492 969 511 cura
981 505 988 518 ‚
1007 483 1147 519 curatio,
1168 482 1265 512 admi-

705 529 847 556 nistratio
864 540 872 565 ;
900 528 1039 567 adeoque
1067 534 1112 556 est
1144 539 1264 568 regere,

705 573 869 604 moderari.
888 574 1013 603 Scilicet
1032 581 1123 613 poeta
1138 584 1266 615 pergere

704 620 846 656 volebat,
861 619 990 648 urbesne
1006 619 1138 648 invisere
1159 629 1189 648 ec
1206 627 1265 649 ter-

705 675 756 693 ras
773 676 892 694 curare.
908 667 977 694 Hoc
992 664 1178 694 invertendo
1195 675 1265 694 mu-

705 712 801 747 tavit,
824 710 949 740 velisne
971 721 1078 739 curam
1102 718 1265 740 terrarum.

706 757 760 785 Est
778 763 881 785 autem
897 757 994 791 velle,
1014 757 1122 792 etiam,
1139 756 1280 799 praefer-5t

706 812 739 829 re
763 802 842 838 fere,
870 808 905 830 ut
933 803 1072 830 Homero
1095 799 1283 839 ss00)„2002t·{

705 845 831 888 βούλομ’
854 845 916 890 ἐγὼ
937 845 1010 876 λαὸν
1035 845 1101 876 σόον
1118 842 1283 889 ιῖμμῑ-ινοιι,ἱ

704 903 763 932 pro
791 891 941 934 βούλεμοιι
964 893 1099 935 μᾶλλον,
1123 893 1265 932 praefero.

704 940 787 968 Bene
816 946 919 968 autem
945 941 1046 969 Caesar
1075 940 1156 968 inter
1193 939 1268 968 deos

705 984 837 1014 urbium
871 992 900 1014 et
934 992 1088 1014 terrarum
1121 985 1267 1014 tutelares

703 1030 811 1060 referri
826 1032 930 1071 potuit
946 1041 953 1061 :
971 1032 1018 1060 uti
1031 1031 1075 1060 dii
1089 1037 1164 1059 sunt
1179 1028 1289 1082 vroh—³(

705 1078 800 1116 οῦχοι.
822 1077 965 1108 Notanda
987 1088 1062 1106 vero
1087 1078 1176 1117 copia
1198 1087 1268 1107 ora-

704 1124 809 1159 tionis,
826 1134 903 1162 qua,
918 1123 1083 1163 splendore
1096 1133 1168 1152 cum
1182 1133 1267 1152 sum-

705 1179 776 1206 mo,
798 1169 880 1198 idem
901 1171 990 1198 toties
1012 1169 1101 1199 effert
1118 1168 1265 1198 :velisne

706 1215 782 1244 deus
798 1226 873 1245 esse.
886 1216 1033 1245 Ceterum
1053 1216 1091 1245 cf.
1105 1217 1222 1244 Lucan.
1239 1216 1264 1250 Ι,

708 1261 749 1296 45
761 1272 827 1301 sqq.
839 1269 869 1290 et
876 1262 1052 1291 Stat.Thcb.
1062 1263 1135 1296 I‚24
1145 1271 1212 1300 sqq.
1221 1278 1265 1282 —

708 1308 761 1337 26.
776 1309 946 1336 Maxumus
960 1307 1056 1343 orbis,
1073 1317 1128 1335 seu
1138 1306 1265 1342 coelum,

705 1364 776 1388 scu,
795 1352 882 1393 quod
897 1354 1001 1382 verius
1012 1363 1097 1381 nunc
1107 1362 1171 1380 esse
1187 1351 1264 1380 arbi-

706 1406 790 1435 tror,
811 1399 896 1427 orbis
919 1405 1083 1428 terrarum.
1102 1396 1267 1426 Maaeimas

705 1455 764 1484 pro
789 1455 938 1484 magnus,
966 1443 1030 1473 vid.
1053 1445 1160 1472 Burni.
1176 1442 1214 1471 ad
1236 1454 1265 1472 v.

711 1501 722 1518 1
731 1491 747 1518 8
755 1501 783 1527 7.
794 1489 961 1529 Adcipiat,
974 1489 1086 1518 habeat
1096 1495 1266 1521 auctorem.

706 1535 933 1565 moderatorem
940 1541 1113 1575 proventus
1121 1544 1266 1574 agrorum

706 1589 736 1611 et
746 1588 963 1621 tempestatum
972 1604 979 1618 ‚
990 1580 1128 1620 adeoque
1138 1580 1267 1609 tutelam

706 1628 953 1668 agricolationis3
971 1634 1081 1656 auctor
1101 1633 1131 1655 et
1150 1633 1267 1665 potens

706 1673 744 1702 ad
769 1673 899 1703 eandem
922 1675 1085 1703 notionem
1109 1679 1267 1712 spectant;

706 1730 794 1757 nam,
815 1721 870 1760 qui
893 1720 1024 1760 largitur
1037 1741 1045 1756 ,
1068 1719 1094 1747 is
1115 1717 1211 1746 habet
1233 1718 1267 1746 in

706 1773 867 1806 potestate.
887 1766 1037 1796 Manilius
1056 1766 1086 1801 Ι,
1100 1764 1163 1803 393
1180 1774 1218 1792 ex
1234 1763 1266 1792 h.

707 1812 729 1842 I.
752 1813 859 1842 Caesar
877 1822 961 1841 nunc
978 1810 1077 1845 terris,
1094 1816 1168 1849 post
1189 1809 1268 1838 εει-10

706 1858 867 1887 maximus
881 1865 1004 1891 auctor,
1026 1862 1182 1896 regnator.
1197 1856 1216 1884 J
1220 1864 1268 1883 am

707 1903 841 1933 debebat
863 1905 966 1942 sequi,
984 1910 1013 1932 te
1036 1901 1173 1930 cinctum
1200 1910 1268 1929 ma—

708 1957 800 1978 terna
838 1957 980 1987 tempora
1020 1954 1120 1985 myrto
1135 1958 1148 1982 ;
1182 1956 1269 1975 nunc

688 1996 690 1999 '
708 1994 792 2026 idem
804 1994 1023 2034 orbiscingens
1037 2000 1179 2032 tempora
1190 2002 1270 2030 myr-

710 2040 864 2076 to'dictus,
875 2040 994 2068 scilicet
1003 2048 1118 2068 corona
1131 2044 1250 2078 myrtea
1262 2060 1269 2073 ‚

709 2088 785 2121 orto
807 2096 822 2114 a
848 2088 971 2115 Venere
1001 2085 1166 2124 Augusto,
1183 2094 1286 2113 novo-

709 2132 779 2168 deo,
793 2129 1163 2172 imposita.Magnificum
1174 2129 1270 2169 phan-

708 2173 827 2208 tasma‘l
843 2179 902 2207 Fac
918 2185 947 2208 te
962 2177 1068 2207 videre
1086 2176 1196 2206 orbem
1209 2182 1255 2204 ter
