1408 2428
53 2171 63 2179 .
114 2163 172 2192 pro
223 2154 412 2184 incantando
429 2178 437 2192 ,

535 55 703 85 ECLOGA
726 57 813 85 vm.
1225 68 1281 94 107

109 114 279 152 Carmina
297 113 355 148 vel
372 113 464 149 coelo
482 121 636 161 possunt
656 112 840 148 deducere
860 114 1000 159 lunam,

108 173 342 211 Carminibus
360 174 466 210 Circe
481 173 600 210 socios
620 173 778 209 mutavit
795 173 915 219 Ulixi3

108 235 279 283 Frigidus
296 235 333 270 in
350 233 466 283 pratis
483 233 667 270 cantando
686 234 872 282 rumpitur
890 234 1030 282 anguis.

107 294 242 330 Ducite
262 294 308 330 ab
324 293 418 329 urbe
436 292 606 339 domum,
624 306 707 329 mea
724 294 905 339 carmina,
923 293 1048 329 ducite
1064 291 1251 341 Daphnin.

108 356 230 390 Terna
246 353 313 389 tibi
331 353 411 390 liaec
431 354 594 402 primum
612 353 749 401 triplici
767 353 914 389 diversa
931 353 1055 388 colore

109 413 210 449 Licia
227 413 436 459 circumdo,
455 422 585 462 terque.
603 413 682 449 haec
698 413 827 449 altaria
843 413 983 448 circum

108 473 276 522 Effigiem
297 472 412 519 duco;
430 475 587 509 numero
608 472 697 509 deus
716 473 844 521 inpare
860 471 1007 521 gaudet.

107 533 241 568 Ducite
259 532 306 568 ab
324 532 418 569 urbe
439 532 609 579 domum,
626 545 708 569 mea
728 531 911 576 carmina,
933 531 1057 566 ducite
1075 530 1262 578 Daphnin.

107 594 222 629 Necte
241 592 359 629 tribus
377 592 484 629 nodis
503 601 646 640 ternos,
663 592 862 640 Amarylli,
880 591 1041 641 colores,

107 690 191 731 φίλον
216 691 429 734 matzil-Secum
457 690 567 735 ἄνδρα.
594 694 674 722 Sani

107 748 181 766 vero
206 739 340 767 ornandi
361 749 465 768 caussa
489 739 645 777 adjectum
662 762 669 775 ,

107 784 179 822 quia
190 783 227 812 ad
241 784 393 813 insaniam
407 792 438 813 ct
453 795 590 814 amorem
606 795 671 813 ver-

107 828 200 858 tebat.
219 829 345 870 Consua⁴
360 830 462 869 simpl.
479 837 614 865 amator,
635 837 670 858 ut

107 884 176 913 sup.
216 875 271 911 18,
301 881 331 904 et
358 876 401 903 sic
431 876 485 904 Gr.
516 872 607 916 ἀνὴρ,
634 882 670 904 ut

106 919 264 950 Theocrit.
304 920 455 950 Carmina
485 920 523 949 de
553 923 669 962 magica

106 964 239 994 formula
264 967 379 1006 accipe.

152 1011 205 1050 69.
242 1013 377 1041 Versum
415 1012 574 1052 adoptavit
616 1016 671 1043 Pe-

106 1062 189 1086 tron.
210 1057 244 1086 iu
264 1068 324 1087 vss.
345 1057 383 1087 de
407 1068 475 1099 saga
497 1060 547 1088 13.
564 1077 608 1081 --
625 1061 672 1089 De

105 1101 154 1131 his
187 1103 376 1143 teratologiis
409 1106 599 1145 magicarum
626 1116 672 1134 ar-

108 1149 188 1177 tium
227 1148 265 1177 ad
302 1160 410 1180 omnes
446 1157 568 1180 tantum
607 1161 673 1181 non

106 1200 213 1233 poetas
238 1195 390 1234 plurima,
418 1203 454 1225 ut
482 1197 584 1226 solent
610 1197 673 1227 fere

106 1240 141 1268 in
168 1238 216 1268 his
241 1239 385 1270 munifici
412 1251 492 1278 esse,
516 1242 586 1272 loca
608 1243 672 1273 col-

104 1284 207 1325 legere
233 1287 448 1326 interpretes:
477 1299 507 1318 v.
539 1288 577 1317 ad
606 1291 671 1319 Ho-

106 1337 162 1360 rat.
178 1331 278 1370 Epod.
289 1334 318 1361 V
328 1340 359 1362 et
372 1334 477 1363 XVII.
488 1335 604 1364 Lucan.
615 1336 672 1371 VI,

110 1381 175 1410 420
191 1383 250 1406 ete.
267 1378 386 1408 Tibull.
401 1380 427 1415 I,
443 1389 474 1415 2,
493 1380 532 1408 32
544 1401 552 1415 ‚
567 1385 596 1408 et
608 1378 671 1408 h.l.

107 1421 208 1450 Cerda
223 1422 338 1462 aliique
357 1425 462 1462 itaque
481 1423 534 1452 hic
553 1426 675 1464 paucis-

108 1468 193 1496 simis
208 1467 337 1508 defungi
350 1468 475 1505 licebit;
491 1479 550 1498 nec
573 1471 675 1499 otium

107 1513 141 1541 in
162 1513 210 1542 his
234 1521 396 1543 conterere
417 1514 528 1554 placet.
554 1516 675 1544 Interea

107 1557 146 1586 ad
164 1560 425 1600 superstitionum
442 1570 563 1589 caussas
576 1567 675 1590 atten-

106 1602 180 1633 dere
202 1605 297 1633 velim
320 1607 475 1642 animum,
501 1612 538 1635 ut
559 1606 675 1635 intelli-

107 1660 158 1691 gas
178 1659 243 1680 esse
261 1650 325 1680 fere
339 1661 388 1680 eas
409 1658 463 1680 aut
477 1662 494 1680 a
512 1651 607 1680 rebus
625 1653 673 1681 in-

106 1696 207 1725 solitis
229 1702 261 1726 et
276 1704 391 1737 praeter
412 1703 533 1726 naturae
554 1707 675 1727 morem

108 1739 178 1770 {ieri
187 1741 324 1780 creditis,
335 1749 388 1772 aut
401 1743 439 1772 ab
454 1743 557 1784 aliqua
569 1744 674 1773 simili-

108 1787 235 1824 tudine,
253 1788 349 1818 modo
365 1790 501 1830 tropica,
521 1788 616 1819 modo
631 1789 673 1819 al-

108 1832 260 1873 legorica,
276 1835 402 1874 petita53
422 1835 516 1864 rebus
536 1834 675 1875 physicis

109 1878 295 1919 plerumque
319 1880 358 1910 ad
375 1882 552 1911 animorum
567 1891 675 1910 seusus

111 1923 271 1954 traductis.
291 1942 336 1948 —
362 1936 413 1964 70.
441 1928 513 1957 Jam
537 1927 677 1955 occurrit

112 1980 201 1999 casus
215 1971 373 2001 secundus
393 1971 497 2007 Ulixi,
519 1977 556 2000 ut
579 1971 675 2009 Chry-

112 2026 176 2051 ses,
196 2015 321 2054 Chrysi,
344 2018 510 2052 Hercules,
529 2016 672 2051 Herculi,

114 2071 140 2090 6.
159 2061 179 2091 f.
196 2061 235 2090 ad
247 2061 369 2092 AEneid.
387 2064 433 2100 ΙΙ,
460 2074 489 2100 7.
505 2078 550 2084 -—
566 2072 618 2099 71.
635 2064 675 2091 In

114 2107 255 2147 campis,
289 2108 409 2138 Zulich.
435 2125 479 2131 --
506 2107 676 2138 Cantando

485 2153 674 2184 fascinando,

725 691 869 732 Frigidus
905 702 943 720 ex
988 697 1098 719 natura
1139 693 1289 731 anguium

724 737 860 773 dictum,
880 743 917 764 ut
931 746 1023 775 supra
1040 735 1078 763 ad
1099 736 1204 776 Eclog.
1225 738 1289 773 III,

724 784 778 821 93,
793 788 823 810 ct
837 782 914 810 male
929 781 988 809 alio
1006 780 1150 809 trahitur.
1168 783 1291 821 Rumpi>

723 835 781 862 tur,
795 826 1012 866 disrumpitur.
1025 827 1182 855 Gesnerus
1198 827 1289 856 Thes.

722 872 754 902 h.
775 883 805 901 v.
829 872 914 901 malit
935 883 955 900 α
977 871 1121 900 nocendo
1137 871 1294 901 cohibetur

723 929 897 958 exponere,
911 919 984 958 quia
998 917 1060 946 fere
1068 917 1173 956 rumpi
1181 917 1292 948 dicun-

724 971 792 1001 tur,
809 965 864 1004 qui
878 964 1085 1004 defatigantur
1096 985 1103 998 ‚
1119 963 1292 993 conficiun-

724 1017 786 1040 tur.
803 1011 927 1041 Scilicet
937 1009 1090 1038 insederat
1103 1009 1172 1038 viro
1186 1012 1293 1049 exqui-

725 1057 790 1085 sitae
817 1056 968 1086 doctrinae
996 1055 1073 1091 hoc,
1110 1055 1195 1093 quod
1227 1057 1294 1085 sisti

726 1102 788 1132 fere
803 1112 946 1142 serpens,
957 1112 991 1130 36
1007 1100 1140 1130 detineri
1156 1103 1292 1131 carmine

727 1155 780 1177 aut
797 1155 938 1188 torpere,
953 1147 1034 1177 solvi
1057 1157 1091 1175 ac
1114 1146 1228 1187 rigere,
1247 1147 1292 1177 di-

726 1195 819 1224 citur.
838 1193 877 1224 cf.
901 1193 1018 1223 Tibull.
1040 1195 1073 1229 I,
1098 1191 1132 1227 8,
1152 1204 1206 1223 20.
1231 1196 1291 1223 Lu-

726 1250 794 1269 can.
811 1241 873 1275 VI,
892 1239 955 1274 488
977 1246 1007 1267 et
1025 1239 1063 1269 al.
1079 1234 1204 1279 δολιχὴν
1222 1237 1293 1268 ἀνα.-

725 1284 806 1315 λύετ’
826 1283 961 1314 ἄκανθαν
985 1283 1134 1327 Γηγηνέος
1152 1283 1291 1325 σπείρης,

726 1328 840 1372 μήκυνε
851 1327 885 1359 δὲ
896 1327 990 1371 μυρία.
1006 1329 1124 1370 rusam
1139 1330 1289 1370 Apollon.

726 1378 782 1411 IV,
802 1377 874 1405 150.
900 1375 959 1406 Sed
980 1382 1011 1405 ct
1027 1375 1158 1406 alterum
1176 1386 1293 1405 memo-

726 1422 788 1450 rari
812 1422 941 1451 solitum
973 1421 1083 1458 fuisse,
1107 1431 1194 1452 nunc
1227 1431 1293 1450 uno

728 1467 835 1497 Ovidii
855 1469 926 1497 loco
940 1466 1124 1497 docebimus
1134 1490 1142 1504 ,
1155 1468 1228 1496 Am.
1246 1468 1291 1502 ΙΙ,

733 1523 745 1540 1
757 1535 765 1549 ‚
793 1513 835 1542 25
852 1523 860 1544 :
879 1512 1028 1542 Carmine
1043 1512 1216 1547 dissilt'nnt,
1239 1512 1293 1540 ab·

729 1558 826 1597 ruptis
829 1557 994 1598 fizncibns,
1005 1568 1126 1598 angues
1134 1570 1146 1593 ;
1156 1560 1294 1597 imquem

729 1613 856 1632 sensum
888 1603 991 1643 rumpi
1018 1610 1054 1632 ut
1085 1604 1274 1643 accipiamus
1287 1626 1294 1639 ‚

728 1649 836 1679 suadet
852 1650 1004 1679 sermonis
1019 1651 1098 1679 ratio
1116 1656 1147 1679 et
1162 1660 1247 1678 usus,

776 1696 828 1733 73.
848 1697 934 1725 Dum
952 1695 1019 1725 haec
1033 1695 1192 1735 loquitur,
1208 1704 1295 1734 maga

726 1742 976 1782 imagunculam,
992 1741 1166 1781 Daphnidis
1180 1750 1219 1768 an
1228 1749 1295 1768 mu-

727 1787 811 1816 lieris
819 1810 827 1824 ‚
838 1794 943 1817 tenere
952 1810 960 1825 ,
971 1797 1100 1826 eamque
1111 1785 1211 1815 tribus
1221 1783 1292 1820 filis,

728 1833 843 1863 diversi
864 1843 992 1874 quoque
1011 1832 1140 1869 coloris,
1158 1832 1293 1860 circum-

728 1879 801 1908 dare
825 1886 856 1909 et
877 1880 959 1908 circa
983 1888 1066 1907 aram
1087 1884 1212 1917 portare
1235 1886 1294 1916 pu-

729 1924 821 1953 tanda
844 1931 900 1954 est.
919 1941 964 1953 .—-
990 1930 1041 1961 74.
1068 1925 1188 1963 Terque
1212 1922 1296 1951 hanc

729 1969 870 2010 Longob.
893 1970 1005 2005 Pierii,
1025 1976 1061 1998 ut
1081 1969 1234 1998 referatur
1257 1966 1294 1995 ad

729 2014 876 2057 effigiem.
892 2015 1034 2044 Prcetulit
1046 2014 1168 2045 Wakef.
1183 2031 1229 2036 -—-
1241 2014 1293 2051 75.

729 2062 817 2090 Deus
831 2062 992 2097 universe,
1016 2071 1090 2090 cum
1104 2061 1232 2101 proprie
1257 2060 1295 2087 sit

728 2108 844 2136 Hecate
852 2130 860 2144 ‚
872 2108 924 2136 cui
933 2108 1049 2148 magica
1057 2117 1143 2136 sacra
1155 2105 1296 2136 fiunt.—

731 2164 746 2191 ¹7
755 2164 769 2191 7
777 2177 783 2183 .
799 2153 910 2183 Trinos
918 2156 999 2183 Ven.
1011 2152 1104 2183 tribus
1114 2152 1198 2182 natis
1209 2150 1290 2182 Leid.
