1408 2428
601 77 722 108 LIBER
748 79 771 108 ἶ.

1222 74 1284 102 213

96 138 280 172 Romanas
302 135 397 172 acies
412 135 549 172 iterum
563 137 693 173 videre
711 134 894 184 Philippi;
1237 142 1284 170 w*

96 198 174 231 Nec
195 195 264 232 fuit
283 195 477 245 indignum
500 197 666 246 superis,
683 195 741 232 bis
761 195 940 244 sanguine
955 202 1085 230 nostro

93 345 234 376 Thraciae
255 346 329 375 olim
352 346 581 376 Macedonibus
606 359 661 388 pa-

94 393 167 422 ruit.
196 393 273 421 Satis
300 392 391 421 nobis
414 393 583 423 declarasse
616 396 661 423 vi-

93 438 204 467 demur
230 438 291 466 loci
316 440 511 468 sententiam.
537 440 589 469 Ad
612 442 658 469 vi—

92 494 198 512 rorum
237 483 405 513 doctorum
442 487 660 516 contentiones

92 529 279 559 descendere
307 540 373 559 non
391 542 571 570 possumus,
589 543 660 572 quae

91 577 226 605 maxime
254 577 354 605 errori
379 577 551 614 debentur,
572 579 659 618 qnod

90 620 124 650 τὸ
161 621 272 651 iterum
307 632 379 651 cum
409 623 521 652 videre
550 626 659 664 junge-

90 667 186 705 bant,
220 678 285 697 nou
316 668 426 698 iterum
463 680 656 701 concurrere.

89 715 209 743 Inserta
223 722 268 743 est
286 725 414 754 nuperae
429 718 579 745 Romanae
593 716 657 745 edi-

91 761 170 789 tioni
189 761 281 789 etiam
297 760 358 790 hoc
374 761 412 790 de
426 761 497 791 loco
515 763 574 791 viri
587 763 659 792 doc-

91 807 113 834 ti
137 805 322 846 disputatio;
343 814 374 836 et
395 807 452 835 alia
474 808 657 837 Holdswor-

89 851 137 881 thi
161 852 214 893 (in
247 852 331 882 Diss.
365 863 448 892 upon
484 853 595 894 Vc'tjgil.
624 866 655 894 p.

92 899 158 935 375
181 897 287 938 sqq.);
304 900 360 938 qui
386 899 477 928 binos
497 899 659 939 Philippos

43 963 49 967 -
89 944 184 973 fuisse
208 955 279 973 cum
301 945 508 981 observasset,
531 946 658 974 alteram

90 989 201 1019 urbem
232 990 271 1019 ad
292 992 509 1031 Strymonem,
533 992 658 1021 alteram

90 1046 157 1066 non
179 1035 272 1076 longe
295 1047 310 1064 a
328 1037 473 1066 Pharsalo
494 1038 659 1067 Thessaliae

91 1083 174 1111 circa
195 1082 316 1112 Thebas
338 1083 475 1123 Pythiae,
496 1090 659 1123 utramque

90 1138 106 1156 a
134 1134 226 1168 poeta
258 1129 370 1168 respici
403 1129 552 1168 putabat;
582 1132 658 1159 mira

89 1170 217 1214 prorsus
257 1174 457 1214 ambiguitate
473 1197 481 1210 ‚
523 1182 553 1204 et
583 1176 655 1205 lusu

89 1226 175 1249 tanto
198 1227 290 1260 poeta
308 1220 451 1259 indigno.
470 1222 506 1250 Iu
521 1222 655 1261 Virgilio

89 1271 192 1295 tamen
210 1277 303 1296 nemo
320 1266 470 1302 haerebit,
490 1268 545 1306 qui
565 1269 657 1297 inter-

87 1313 295 1351 pretationem
305 1319 387 1342 recte
397 1313 578 1343 instituerit.
590 1315 656 1343 Ma-

87 1357 201 1393 nilius,
223 1359 278 1397 qui
301 1357 388 1387 hunc
413 1359 520 1387 locum
547 1360 580 1388 in
601 1370 656 1388 ex-

87 1409 183 1431 trema
197 1403 271 1432 libri
284 1404 378 1442 primi
391 1410 478 1443 parte
494 1411 566 1433 ante
581 1415 656 1434 ocu-

86 1447 133 1477 los
169 1447 281 1477 habuit
293 1471 302 1484 ,
336 1449 467 1478 eandem
500 1451 656 1489 poeticam

87 1494 241 1523 rationem
257 1494 419 1534 amplexus
434 1495 540 1534 paullo
562 1496 656 1525 licen-

89 1541 150 1568 tius
166 1540 298 1569 extulit:
316 1539 426 1569 civiles
442 1540 539 1570 eciam
556 1550 656 1572 motus

87 1593 288 1626 cognataque
296 1586 380 1614 bella
392 1586 583 1629 Significant
591 1588 656 1628 (co-

88 1638 177 1661 metae
186 1632 252 1661 sive
261 1631 318 1661 alia
328 1639 464 1662 meteora
472 1632 483 1672 )
492 1656 500 1669 ,
518 1644 576 1663 nec
583 1634 655 1674 plu-

87 1687 124 1706 ra
145 1677 230 1707 alias
250 1677 402 1708 incendia
430 1679 565 1709 mumius
588 1682 657 1709 Sus-

86 1722 196 1760 tinuit,
212 1734 308 1764 quam
324 1735 393 1754 cum
409 1724 536 1754 ducibus
544 1725 656 1766 jurata

86 1769 222 1798 cruentis
247 1772 350 1800 Arma
386 1769 568 1810 Philippeos
597 1771 654 1801 im-

80 1815 212 1854 plerunt
240 1816 370 1856 agmine
413 1827 550 1856 campos.
591 1818 654 1847 Vix

86 1860 182 1890 eciam
200 1860 283 1890 sicca
295 1862 388 1900 ,miles
402 1864 564 1892 Romanus
581 1874 652 1893 are-

87 1917 130 1936 na
149 1908 229 1936 Ossa
243 1907 348 1937 'viriam
369 1908 551 1949 lacerosque
564 1909 654 1949 prius

85 1951 298 1993 superadsticic
307 1961 404 1984 arcu-5.
424 1955 526 1984 Licuit
540 1962 651 1994 poetae,

85 2009 276 2040 quamquam
310 2000 418 2040 paullo
448 2002 595 2037 crassius,
619 2003 654 2030 in

86 2045 198 2075 eodem
218 2044 290 2074 loco
307 2045 452 2085 praelium
470 2046 588 2075 factum
609 2047 655 2076 di-

86 2101 176 2128 cere,
200 2090 287 2130 quod
311 2092 346 2121 in
371 2091 432 2121 illis
455 2092 653 2132 regionibus,

87 2139 119 2167 iu
138 2147 176 2166 eo
200 2147 298 2177 regno
321 2144 376 2167 aut
397 2137 507 2177 plaga,
525 2138 654 2169 factum.

89 2185 132 2213 Ut
152 2182 229 2214 adeo
249 2193 289 2213 ne
311 2190 380 2214 tum
396 2183 526 2226 quidem
544 2185 655 2216 vitiose

714 347 834 376 dietum
854 346 954 375 videri
979 345 1106 381 debeat,
1123 345 1148 373 si
1169 343 1285 384 Philip-

713 395 761 433 pis
774 394 848 433 ipsis
863 392 945 421 dieat
958 392 1073 420 iterum
1088 391 1285 419 concurrisse

715 442 870 469 Romanas
883 440 972 468 acies.
988 437 1096 478 Quid?
1111 436 1198 477 quod
1213 447 1287 466 con-

715 485 800 515 tendi
822 491 940 525 potest,
962 491 1101 519 veteres,
1127 494 1200 512 cum
1218 483 1285 512 haec

714 530 885 571 Virgiliana
901 532 1038 560 carmina
1051 531 1202 570 legerent,
1214 540 1284 558 sen-

713 579 823 607 tentias
852 588 918 607 non
945 577 1034 605 aliter
1064 577 1262 605 constituisse
1273 577 1285 604 .’“

712 625 759 652 Ex
780 624 954 652 imitatione
975 622 1084 653 Ovidii
1106 621 1236 651 indices,
1258 622 1287 649 ls

711 670 789 699 Met.
806 671 884 706 XV,
909 670 990 703 823,
1009 668 1074 703 824
1094 667 1132 697 de
1155 668 1284 697 Caesaris

713 715 833 744 ultione
857 724 864 744 :
897 713 1068 744 Pharsalia
1103 713 1219 743 sentiet
1249 713 1286 742 il-

712 761 776 790 lum
787 784 795 798 ,
811 760 1026 800 Emachiaque
1045 761 1158 789 iterum
1173 759 1283 788 maele-

702 806 793 847 faeti
805 807 891 836 ccede
906 805 1056 846 Philippi.
1069 807 1107 835 Et
1120 808 1265 835 Lucanus
1275 828 1283 842 ,

712 854 767 892 qui
783 853 838 882 lib.
858 854 919 881 vn
944 852 1004 881 sub
1027 852 1047 881 f.
1074 858 1177 881 totum
1195 851 1283 880 hunc

711 898 819 927 locum
842 899 1009 938 expressit,
1041 897 1205 926 Thessalia
1233 897 1281 926 in—

704 943 814 984 seli.r!
840 956 870 974 v.
903 946 966 974 853
997 946 1082 973 Ante
1110 954 1198 973 novce
1227 954 1283 973 ‘ve—

713 989 804 1019 nient
823 990 908 1019 acies
920 1013 929 1025 ‚
954 990 1126 1030 scelerique
1144 989 1281 1018 secundo

713 1036 881 1066 Praestabis
915 1036 1055 1065 nondam
1091 1036 1189 1065 siccos
1224 1035 1282 1065 hoc

712 1083 870 1123 sanguine
907 1093 1045 1121 campos.
1078 1084 1117 1111 Et
1157 1081 1283 1111 tandem

714 1130 878 1158 Petronius
894 1139 962 1168 cap.
985 1139 995 1157 1
1005 1139 1021 1157 2
1032 1138 1043 1157 1
1062 1128 1114 1168 (de
1125 1128 1209 1157 bello
1220 1129 1282 1158 civ.

718 1184 729 1202 1
741 1174 802 1214 ιο)
833 1176 934 1204 Cerno
969 1174 1113 1214 equidem
1149 1174 1283 1214 gemina

701 1219 775 1260 jam
791 1228 904 1249 stratos
920 1228 1018 1252 morte
1029 1219 1204 1259 Philippos.
1216 1221 1282 1250 No-

709 1266 732 1295 li
760 1273 863 1295 tamen
901 1273 1066 1306 propterea
1104 1276 1178 1295 cum
1207 1267 1283 1295 viris

711 1312 812 1341 doctis
831 1312 1028 1348 existimare,
1048 1318 1168 1340 veteres
1187 1311 1283 1340 Phar-

710 1358 817 1387 saliam
831 1368 905 1387 cum
921 1357 1073 1397 Philippis
1090 1357 1281 1388 confudisse.

709 1405 814 1432 Latius
830 1402 1032 1439 Emathiam,
1062 1402 1258 1432 Thessaliam
1270 1426 1279 1438 ,

709 1450 876 1485 Hcemum,
902 1448 1068 1488 Philippos
1091 1455 1122 1478 et
1141 1448 1281 1478 Pharsa-

709 1495 773 1524 lum
791 1496 825 1524 in
840 1495 940 1536 poetis
950 1516 958 1531 ,
979 1496 1034 1534 qui
1049 1495 1088 1524 de
1104 1494 1153 1523 his
1165 1495 1281 1534 praeliis

709 1548 807 1580 agunt
819 1563 826 1576 ‚
856 1541 934 1577 dici,
966 1551 1002 1569 ac
1024 1541 1049 1569 si
1077 1540 1118 1569 ad
1148 1540 1282 1569 eandem

709 1588 869 1626 regionem
901 1587 1006 1616 omnia
1040 1586 1093 1615 illa
1117 1585 1281 1616 referenda

708 1633 782 1669 sint,
802 1644 842 1662 ex
868 1633 1103 1671 comparatione
1120 1631 1279 1661 dictorum

709 1678 804 1708 obvia
825 1689 873 1707 res
895 1685 950 1707 est.
967 1695 1013 1700 ·-
1036 1677 1170 1707 Paribus
1188 1677 1277 1714 telis,

710 1734 784 1753 cum
818 1726 968 1764 utrinque
996 1734 1013 1753 a
1040 1724 1191 1754 Romanis
1220 1734 1278 1763 pu-

708 1777 868 1809 gnaretur.
898 1772 981 1800 Hinc
1015 1772 1132 1800 Lucan.
1163 1771 1177 1798 I
1189 1791 1196 1805 ‚
1240 1779 1256 1807 7
1268 1791 1276 1806 ,

707 1815 891 1856 infestisque
913 1815 1001 1845 obvia
1028 1815 1128 1856 signis
1155 1814 1277 1855 Signa,

700 1873 799 1901 pares
815 1861 959 1902 aquilas,
982 1869 1013 1890 ec
1021 1862 1095 1901 pila
1115 1860 1278 1890 minantia

699 1908 789 1947 pilis.
805 1910 843 1938 Et
859 1909 962 1938 Valer.
980 1907 1025 1937 Fl.
1044 1904 1108 1950 Vn,
1127 1913 1190 1942 402
1215 1908 1278 1936 Ro-

706 1965 821 1983 manas
838 1954 942 1984 veluti
956 1952 1128 1982 saevissima
1147 1963 1216 1982 cum
1236 1952 1279 1982 le-

703 2000 817 2040 giones
835 1998 1024 2039 Thisiphotze
1045 2009 1195 2040 regesque
1211 2010 1278 2028 mo-

707 2053 774 2076 vet:
791 2056 924 2086 quorum
941 2044 1075 2085 agmina
1083 2044 1178 2084 pilis,
1197 2046 1278 2085 Quo-

707 2103 775 2122 rum
790 2091 908 2132 aquilis
924 2090 1068 2132 utrinque
1087 2090 1217 2122 micant.
1231 2109 1278 2115 —

709 2144 792 2177 491,
814 2144 890 2177 492.
920 2139 999 2168 Cum
1027 2138 1276 2178 interrogatione

706 2184 876 2227 legendum
905 2195 969 2214 esse
1002 2183 1165 2217 contendit
1191 2185 1276 2217 Mat-
