1377 2428
526 77 647 109 LIBER
672 75 730 104 III.

1162 60 1226 98 3⁰0

30 143 183 182 Tithoni
204 141 326 191 prima
344 147 438 188 quot
459 137 564 174 abest
582 135 628 172 ab
646 132 791 181 origine
813 130 948 165 Caesar.

83 206 159 240 Seu
179 202 281 251 quis,
299 197 528 249 Olympiacae
544 196 700 232 miratus
717 188 871 241 praemia
892 185 1042 235 palmae,

31 263 152 300 Pascit
168 273 302 311 equos;
321 273 387 296 seu
407 257 490 307 quis
508 255 615 292 fortis
637 252 683 289 ad
705 259 828 288 aratra
840 248 1022 297 juvencos
1035 268 1045 286 ‚

32 327 204 372 Corpora
219 320 408 371 praecipue
428 328 592 354 matrum
608 315 718 363 legat.
738 314 906 359 Optuma
927 314 1045 341 torvae

33 387 169 420 Forma
186 381 293 418 bovis
306 408 315 426 ‚
332 379 393 416 cui
412 387 522 426 turpe
543 383 675 424 caput,
692 372 753 409 cui
770 368 934 419 plurima
955 361 1082 400 cervix
1096 388 1105 407 ‚

33 445 79 479 Et
96 454 250 478 crurum
264 449 371 476 tenus
389 451 409 474 a
428 445 554 473 mento
572 433 736 483 palearia
756 427 922 480 pendent
938 438 945 459 :

33 505 130 538 Tum
149 502 260 550 longo
278 499 400 535 nullus
416 496 523 533 lateri
540 493 692 538 modus;
709 489 836 526 onmia
856 495 991 533 magna
1002 510 1012 528 ‚

35 564 102 599 Pes
119 561 251 606 etiam,
267 567 304 595 et
324 557 486 595 camuris
507 555 617 591 hirtae
638 551 708 590 sub
729 546 907 587 cornibus
926 554 1046 581 aures.

84 680 137 714 49.
158 672 295 703 Miratur
309 673 434 712 Menag.
456 670 507 700 alt.
520 679 604 709 prce-

38 720 103 750 mia
117 730 238 760 pugna:
260 720 384 749 Nonius
405 715 547 747 Marcell.
571 715 605 744 in

39 766 160 796 mirari.
191 782 237 787 —-
263 765 315 795 51.
352 765 399 793 De
429 763 530 792 fetura
558 771 606 790 ar-

40 819 220 842 mentorum
257 818 384 840 acturus
395 832 402 846 ‚
440 817 607 837 vaccarum

40 859 229 898 optimarum
241 880 249 893 ‚
267 867 337 897 quae
354 862 443 885 tauro
465 853 608 883 submitti

41 906 180 945 possint,
206 910 294 932 notas
326 911 469 931 enarrare
495 899 609 938 incipit

43 950 127 980 conf.
148 951 251 979 Varro
265 950 303 977 R.
318 950 356 977 R.
372 949 401 975 11
413 969 420 983 ‚
439 947 469 982 5;
482 945 606 974 Colum.

42 997 106 1033 VI,
129 1006 155 1032 1,
169 1005 222 1024 21.
237 992 351 1024 Pallad.
369 994 463 1022 Mart.
480 997 527 1020 tit.
544 990 607 1025 XI,

46 1042 76 1079 53
107 1042 185 1071 Plin.
210 1041 305 1076 VIII,
325 1039 384 1075 45,
401 1049 424 1067 s.
448 1047 489 1074 70
503 1047 510 1073 ;
526 1036 610 1065 Geo-

43 1098 118 1128 pon.
138 1087 252 1122 XVII,
271 1096 308 1115 2..
329 1083 528 1123 Olympiacae
555 1079 612 1110 mi-

44 1140 130 1162 ratus
143 1131 282 1172 proemia
297 1130 440 1170 palmae,
462 1128 610 1158 victorias

44 1190 61 1209 e
92 1179 261 1208 certamine
293 1176 397 1205 curuli
408 1197 416 1212 ‚
449 1172 613 1214 splendide

44 1235 104 1265 pro
139 1224 245 1254 studio
273 1222 482 1252 certaminum
516 1229 612 1249 curu-

44 1271 184 1301 lium.—-
196 1270 248 1300 52.
263 1270 364 1308 Turpe
379 1274 490 1307 capnt,
509 1266 613 1294 fronte

45 1316 125 1354 lata3
142 1323 177 1345 ut
189 1325 298 1346 omnes
312 1315 480 1353 scriptores
495 1311 614 1341 laudati

44 1369 196 1399 monent3
212 1360 296 1391 unde
311 1367 343 1390 et
356 1358 426 1398 βοῦς
443 1356 613 1400 εὐρυμέτω-

46 1418 103 1443 πος
114 1415 144 1437 et
153 1405 411 1449 πλατυμέτωπος.
426 1406 495 1434 Nec
507 1403 548 1432 ab
560 1402 615 1432 ad-

46 1462 152 1495 spectu
171 1454 299 1483 decoros
318 1451 490 1483 Columella
509 1451 616 1489 Apen-

47 1502 161 1530 ninum
176 1501 256 1530 alere
274 1498 397 1528 dixerat
409 1498 471 1533 VI,
496 1506 509 1525 1
524 1518 532 1533 ,
551 1505 568 1524 2
586 1501 617 1524 et

48 1547 129 1578 Ph'n.
148 1548 243 1583 VIII,
263 1545 305 1580 45
317 1567 325 1581 ,
342 1555 367 1574 s.
387 1553 427 1582 70
444 1553 507 1571 non
523 1541 616 1582 dege-

48 1603 139 1622 nere-5
163 1590 375 1622 existimandi
394 1589 491 1619 etiam
515 1587 616 1617 minus

48 1639 180 1669 laudato
190 1638 350 1678 adspectu.
362 1637 428 1667 Nec
439 1642 543 1664 tamen
554 1641 615 1663 tur-

42 1685 96 1725 pis
123 1692 154 1714 et
186 1694 321 1725 magnus
355 1688 522 1723 propterea
554 1690 613 1720 pro

47 1732 235 1772 synonymis
241 1729 396 1760 habenda.
410 1727 469 1758 Cui
470 1726 614 1766 plurima

47 1777 151 1807 cervix
163 1799 171 1814 ‚
204 1777 236 1807 h.
280 1777 401 1806 cervice
438 1775 531 1814 longa
567 1779 613 1809 et,

48 1823 135 1864 quod
152 1829 259 1860 notes,
275 1822 371 1851 simul
383 1821 474 1850 firma
489 1827 519 1849 et
537 1828 617 1847 cras-

49 1880 101 1906 sa3
117 1879 190 1899 nam
210 1870 246 1898 in
267 1869 390 1897 cervice
419 1867 519 1896 robur
537 1864 617 1894 tauri

49 1916 194 1956 inprimis
226 1920 395 1954 spectatur.
419 1929 464 1936 -—
481 1913 533 1941 53.
556 1912 617 1940 Ar-

51 1970 157 1991 menta
164 1963 277 1991 Venet.
289 1971 310 1989 a
397 1966 451 1988 nto
460 1957 619 1998 palearea

50 2008 148 2038 Goth.
165 2017 213 2047 pr.
227 2023 274 2029 -—
291 2006 309 2035 5
315 2011 343 2041 4.
390 2005 527 2034 ateribus
544 2013 618 2043 por-

39 2056 159 2091 'rectis,
181 2050 424 2094 βαθυπλεὺρους,
448 2060 512 2079 esse
551 2048 621 2078 vult

51 2111 103 2130 eas
120 2110 239 2130 vaccas.
258 2101 354 2128 Lacus
370 2104 475 2126 autem
495 2106 555 2136 pro
572 2100 620 2123 to-

54 2154 86 2177 to
112 2156 265 2187 corpore,
293 2150 449 2185 perpetuo
477 2152 548 2171 usu.
575 2157 622 2163 —·

54 2194 107 2225 55.
121 2192 263 2224 Cameris
277 2190 362 2233 apud
379 2191 463 2222 Non.
483 2194 514 2218 et
534 2187 569 2218 in
583 2186 621 2216 li-

657 666 722 695 bris
735 661 901 693 nonnullis
924 656 1009 698 apud
1024 654 1134 685 Heius.
1157 651 1231 682 Cur-

659 711 702 742 νίς
724 712 817 740 Voss.
839 708 890 737 alt.
910 706 986 735 Cum
1004 699 1147 732 cornibus
1167 700 1234 728 Me-

661 758 722 788 dic.
743 767 759 785 a
776 765 858 784 man.
872 764 920 793 pr.
932 769 977 773 —-
988 752 1047 779 Pes
1061 745 1158 775 etiam
1173 746 1231 774 sci-

660 806 736 835 licet
760 810 891 841 magnus
911 804 966 827 est.
990 797 1060 825 Hoc
1082 791 1234 821 naturalis

661 849 811 881 orationis
827 845 906 875 ordo
928 843 1030 873 offert.
1047 837 1146 870 Cerda
1161 848 1235 867 cum

661 897 728 926 aliis
750 905 790 924 ex
807 890 960 922 Varronis
981 888 1053 918 loco
1077 886 1108 914 11
1120 906 1128 922 ,
1142 884 1160 914 5
1172 906 1180 921 ‚
1197 884 1232 920 8,

663 952 759 982 quem
772 944 928 978 sequutus
941 945 1005 965 esse
1019 932 1145 963 videtur
1158 940 1234 971 poe-

664 994 713 1025 ta,
726 985 858 1026 pedibus
873 992 936 1011 non
948 979 1037 1015 lacis,
1056 985 1134 1013 ete„
1153 976 1235 1005 hanc

664 1031 957 1072 interpretationem
981 1025 1094 1055 refellit
1113 1029 1143 1052 et
1163 1023 1235 1059 jun-

666 1080 729 1120 git:
744 1080 800 1108 Pes
815 1076 907 1105 etiam
918 1081 948 1103 et
961 1082 1050 1101 aures
1064 1070 1156 1099 hirtae
1172 1078 1237 1097 esse

667 1125 793 1154 debent.
822 1124 924 1151 Aures
949 1117 1048 1147 hirtas
1058 1139 1066 1153 ‚
1097 1122 1232 1148 setosus,

661 1170 804 1212 pilosas,
829 1169 863 1196 in
882 1164 974 1194 laude
996 1174 1060 1193 esse
1071 1184 1080 1199 ‚
1097 1160 1237 1190 dubitari

667 1216 797 1256 nequit3
821 1220 852 1243 et
867 1222 916 1242 eas
929 1213 1012 1240 inter
1026 1214 1117 1237 notas
1142 1206 1236 1235 bonae

667 1272 772 1292 vaccae
788 1269 896 1290 omnes
913 1256 1054 1286 referunt
1071 1263 1078 1284 :
1097 1260 1128 1282 at
1136 1251 1239 1292 pedes

669 1308 764 1338 hircos
786 1303 953 1335 memorari
975 1311 1043 1331 non
1060 1299 1135 1329 vidi.
1159 1299 1237 1327 Var-

670 1355 755 1384 ronis
769 1359 874 1382 autem
882 1350 972 1380 locus
988 1347 1102 1376 frustra
1110 1345 1174 1374 huc
1186 1353 1239 1373 vo—

670 1407 774 1436 catus,
798 1405 829 1428 et
844 1407 904 1437 pes
924 1395 1018 1425 nimis
1043 1397 1173 1433 anguste
1197 1399 1237 1419 ex

670 1446 792 1486 vulgari
816 1444 936 1473 ratione
964 1445 1121 1479 acceptus.
1145 1438 1238 1466 Poeta

670 1499 775 1522 totum
789 1501 860 1520 crus
879 1499 916 1518 eo
930 1487 1059 1516 nomine
1077 1483 1239 1523 designare

669 1539 785 1578 potuit.
802 1537 902 1566 Crura
915 1540 1019 1563 antem
1033 1531 1126 1561 etiam
1137 1531 1241 1559 Varro

669 1585 690 1615 l.
705 1585 726 1614 l.
750 1582 890 1613 breviora
906 1579 1029 1620 pocius,
1052 1586 1149 1618 quam
1169 1575 1239 1604 lon-

666 1641 713 1671 ga
740 1641 804 1660 esse
829 1627 950 1663 voluit,
968 1632 1005 1654 ut
1024 1635 1063 1653 ex
1085 1622 1174 1652 libris
1195 1620 1242 1650 ibi

669 1676 855 1717 legendu1n3
871 1672 925 1702 sed
939 1672 1016 1700 dum
1029 1670 1137 1699 brevia
1153 1673 1238 1700 sunt,

669 1733 768 1752 crassa
785 1745 793 1759 ‚
824 1726 991 1759 compacta
1019 1716 1031 1758 (
1046 1723 1083 1745 ut
1114 1713 1239 1744 Colum.

669 1771 735 1805 VI,
766 1779 778 1797 1
793 1791 801 1805 ‚
822 1766 883 1805 3),
906 1774 1007 1804 eoque
1036 1770 1147 1802 magna
1177 1769 1242 1788 esse

669 1821 812 1855 possunt.
830 1810 922 1844 σκέλη
940 1807 1107 1850 παχύτεροι
1124 1805 1241 1848 μᾶλλον

669 1859 688 1894 ’ἦ
720 1857 900 1903 μακρότερα
931 1857 1032 1896 Geop.
1064 1854 1160 1883 XVII
1172 1873 1180 1887 ,
1201 1861 1218 1879 2
1233 1873 1240 1880 .

672 1908 887 1946 Nunquamne
899 1913 958 1932 nos
970 1904 1005 1931 in
1017 1906 1111 1941 poeta
1127 1897 1244 1928 versari

673 1963 827 1982 memores
852 1949 992 1980 erimus?
1013 1947 1152 1977 Camura
1176 1953 1242 1972 cor-

674 2009 740 2028 nua
772 2004 847 2027 sunt
881 1997 1015 2024 incurva
1030 2015 1038 2029 ‚
1070 1993 1244 2021 introrsum

674 2054 840 2080 conversa;
856 2041 918 2071 vid.
938 2037 1082 2070 Macrob.
1104 2039 1166 2067 Sat.
1180 2037 1244 2071 VI,

676 2098 705 2127 4.
721 2089 823 2124 ἑλικσις
838 2085 924 2127 βόας,
937 2082 1168 2129 εὐρυμετώπους
1181 2083 1248 2111 Ho-

674 2136 777 2177 meri(
792 2143 829 2165 ut
844 2134 905 2165 Od.
919 2137 938 2163 λ
949 2156 957 2170 ‚
976 2130 1084 2171 288),
1101 2140 1168 2168 non
1182 2138 1248 2164 ma-

674 2184 703 2214 le
719 2187 881 2223 comparat
899 2179 1046 2211 Ursinus.
