1377 2428
500 85 622 115 LIBER
646 85 704 116 IV.

1142 86 1204 120 433

18 142 203 179 Fulminat
219 141 436 190 Euphraten
451 141 550 178 bello
560 169 570 187 ‚
588 142 783 190 victorque
798 141 957 178 volentis

18 206 88 239 Per
106 202 265 251 populos
287 201 349 238 dat
359 202 464 251 jura,
485 203 659 251 viamque
676 202 838 238 adfectat
856 202 1032 251 Olympo.

0 273 2 279 ’
21 263 90 300 1110
106 262 305 312 Virgilium
325 275 383 298 mc
403 271 570 311 tempore
587 262 706 299 dulcis
725 262 847 298 alebat

2 325 3 328 ’
18 321 274 371 Parthenope,
291 322 423 358 studiis
440 322 636 358 florentem
656 321 830 371 ignobilis
852 322 924 367 oti,

1 403 2 413 1
19 381 192 416 Carmina
208 382 273 430 qui
290 381 361 417 lusi
377 390 588 430 pastorum,
605 380 803 429 audaxque
817 380 990 429 juventa,
1159 389 1206 412 565

1 437 2 447 ¹
19 439 168 488 Tityre,
187 448 222 475 te
242 440 380 488 patulae
398 441 516 476 cecini
534 440 604 476 sul)
621 440 782 489 tegmine
801 439 886 488 fagi.

20 566 113 594 vitate
142 563 308 605 indignum
339 565 448 602 rejicit.
484 566 586 595 Etiam

20 613 72 641 JO.
97 610 258 640 Schrader.
282 610 420 639 offensus
441 617 505 639 erat
528 612 586 640 im-

20 657 129 696 primis
157 657 234 686 ino:
264 655 331 685 lzoec
353 667 411 696 ego
432 657 586 686 canebam

20 701 323 743 —dumfulminat.
345 702 429 731 Addi
455 710 588 742 possunt

19 748 76 778 alia
91 757 98 778 :
133 759 247 777 canere
281 759 373 789 super
400 748 511 788 aliqua
542 760 585 779 re.

19 794 89 824 Alia
103 794 250 834 praeclara
261 801 343 825 sunt.
355 812 402 818 —-
413 795 454 824 56
463 805 474 824 1
489 818 496 831 ,
510 795 585 825 562.

21 841 169 869 l'olences
193 850 255 879 per
272 841 422 880 populos,
449 851 587 880 quorum

17 886 111 926 legati
123 886 265 925 undique
275 897 348 915 eum
358 893 569 916 convenerant
577 909 585 923 ‚

19 938 55 960 ut
71 933 132 972 Ap.
155 932 303 972 Xenoph.
322 934 442 962 OEcon.
469 943 506 961 21
519 955 527 969 ,
547 944 584 962 12

22 976 180 1007 ἐθελόντων
195 975 312 1020 ἄρχειν.
326 979 478 1018 Olympo,
495 978 534 1007 ad
548 981 586 1009 0-

18 1024 180 1064 lympum,
196 1024 233 1053 ad
249 1025 513 1053 immortalitatem
532 1035 586 1054 no-

18 1071 120 1099 minis.
132 1088 177 1092 -—
188 1070 265 1100 561.
277 1070 463 1109 Euphraten
477 1071 584 1100 Heins.

17 1126 57 1145 ex
86 1116 223 1155 optimis.
252 1114 446 1154 Euphratem
478 1116 583 1155 vulgo.

19 1161 170 1190 Volances
187 1161 274 1191 Leid.
301 1161 421 1190 Zulich.
440 1178 486 1183 —
508 1162 584 1190 563.

19 1206 192 1247 Vergilium
217 1206 334 1236 Medic.
363 1209 456 1236 Rom.
487 1213 517 1235 et
546 1207 584 1235 al.

16 1251 81 1281 vid.
93 1252 246 1287 Pieriam,
259 1251 401 1287 Cerdam,
413 1253 584 1281 Burmann.

17 1297 145 1338 Agebat
171 1297 320 1328 Rottend.
352 1304 422 1327 tert.
451 1296 588 1326 habebat

18 1344 135 1384 Regius
147 1344 277 1373 Martiu.

67 1389 142 1424 564.
162 1388 400 1431 Studz'tsflorec‚
420 1395 450 1418 et
468 1389 493 1418 is
505 1411 513 1425 ‚
530 1390 586 1428 qui

17 1434 141 1464 laudem
163 1434 236 1463 inde
262 1440 293 1463 et
325 1435 585 1464 existimationem

18 1481 100 1517 fert,
125 1491 165 1509 ex
188 1482 225 1509 iis
250 1480 445 1517 inclarescit3
477 1487 507 1509 et
540 1481 584 1517 is,

18 1527 73 1566 qui
88 1527 126 1556 iis
145 1536 218 1555 cum
235 1527 368 1555 maxime
385 1526 507 1555 deditus
521 1533 584 1561 est;

9 1571 163 1613 floremus
178 1573 262 1601 enim
277 1572 331 1608 iis,
345 1583 480 1612 quorum
497 1573 586 1612 copia

17 1624 48 1646 ex
60 1617 253 1647 abundantia
267 1617 306 1646 ad
315 1629 441 1647 manum
452 1625 506 1647 est.
517 1619 587 1647 Hoc

19 1663 117 1693 altero
142 1674 235 1692 sensu
259 1662 290 1693 h.
311 1664 332 1694 l.
358 1663 586 1704 accipiendum.

20 1708 126 1738 Otium
142 1710 293 1740 Romanis
303 1720 395 1739 omne
405 1711 588 1753 vitaeNgenus

19 1764 35 1783 a
49 1755 126 1794 reip.
149 1755 283 1795 negotiis
301 1755 479 1786 domesticis
498 1755 588 1784 belli-

20 1801 126 1840 cisque
149 1800 306 1837 alienum,
331 1802 458 1841 proprie
482 1807 587 1830 tamen

20 1845 254 1887 quodammodo
269 1846 307 1876 de
322 1849 486 1877 Musarum
499 1848 586 1883 otiis3

21 1891 175 1933 ignobile,
193 1900 336 1933 respectu
349 1894 456 1934 gloriae
468 1893 589 1922 bellicae

21 1944 52 1968 et
77 1944 231 1979 gestarum
257 1949 438 1980 magnarum
470 1949 587 1969 rerum,

21 1984 72 2015 Sic
88 1984 202 2025 Georg.
219 1986 249 2014 II
259 2007 267 2021 ,
282 1985 346 2020 486
364 1985 526 2027 inglorius.
541 1986 588 2015 De

639 564 771 604 Neapoli
781 562 958 592 studiorum
977 569 1105 603 parente
1124 564 1206 593 conf.

639 610 837 640 WVernsdorf.
854 610 888 638 in
904 612 990 639 Poet.
1017 611 1093 638 min.
1112 616 1133 639 t.
1151 611 1207 645 IV,

640 658 717 686 Exc.
747 658 812 692 IX,
836 667 868 695 p.
899 656 1031 696 395.——
1048 655 1123 685 565.
1142 658 1207 685 Alc-

640 702 709 731 daoe
733 702 883 743 juvenca,
904 704 959 741 qui
982 702 1113 731 omnino
1144 712 1208 730 car-

641 749 724 777 mina
746 748 873 788 vulgare
896 748 1038 784 auderet,
1054 758 1119 776 rem
1136 757 1209 787 poe-

641 795 732 824 ticam
748 794 966 834 aggrederetur
983 804 990 824 :
1004 800 1039 822 ut
1050 816 1058 830 ‚
1076 793 1207 822 audaci-

640 841 693 869 bus
704 841 810 870 adnue
819 840 924 879 coeptz's
939 841 995 870 Ge.
1010 841 1025 868 I
1035 862 1043 876 ‚
1063 845 1104 874 40
1117 862 1125 876 ,
1142 849 1207 869 11οΠ

640 886 726 927 quod
751 887 895 916 carminis
914 896 1012 926 genus
1028 886 1086 915 tale
1105 893 1183 914 esset
1199 907 1206 916 ,

642 932 729 971 quod
761 943 888 972 magnos
923 942 1015 960 ausus
1054 938 1208 971 posceret.

639 980 748 1008 Tenue
777 978 861 1008 enim
890 988 987 1017 genus
1016 984 1061 1006 est
1089 976 1209 1006 bucoli-

640 1034 724 1054 cum.
746 1024 965 1054 Castelvetrius
987 1025 1081 1062 Oper.
1099 1024 1206 1053 Critic.

639 1080 707 1110 pag.
742 1071 823 1106 154,
846 1075 992 1098 monente
1016 1070 1144 1105 Burm.‚
1171 1068 1208 1097 ad

639 1115 704 1144 duo
718 1125 830 1155 genera
844 1114 1023 1155 eclogarum
1036 1114 1205 1149 referebat,

638 1162 770 1191 alterum
794 1161 931 1195 humile,
953 1161 1084 1189 alterum
1110 1160 1207 1189 subli-

640 1209 738 1244 mius,
768 1214 805 1237 ut
829 1207 894 1236 Ecl.
920 1207 978 1242 IV,
1005 1207 1072 1241 VI,
1100 1213 1206 1242 acute,

639 1253 726 1292 quod
743 1254 778 1282 in
791 1255 834 1295 τῷ
849 1252 960 1281 audax
973 1252 1078 1287 haesit3
1097 1258 1126 1279 at
1142 1262 1208 1280 sen-

639 1301 734 1328 tentia
760 1298 854 1337 hujus
876 1308 984 1327 versus
998 1297 1160 1336 quomodo
1174 1298 1207 1326 in

640 1345 833 1374 Caslelvetrii
878 1344 1061 1383 opinionem
1109 1342 1208 1382 redigi

638 1391 753 1430 possit,
771 1389 919 1429 equidem
934 1398 1000 1418 non
1018 1388 1120 1418 video.

688 1436 763 1465 566.
774 1436 821 1465 De
831 1442 968 1474 quatuor
977 1441 1208 1474 postremorum

638 1491 799 1517 versuum,
817 1490 1004 1520 quamquam
1019 1479 1065 1508 illi
1080 1490 1146 1508 non
1161 1480 1208 1507 in-

640 1527 793 1568 elegantes
800 1533 884 1562 sunt,
896 1526 1025 1555 veritate
1036 1525 1137 1554 multo
1148 1535 1209 1553 ma-

640 1574 685 1613 gis
707 1583 756 1602 me
787 1571 931 1601 dubitare
958 1581 1024 1601 non
1059 1569 1206 1599 diffiteor.

640 1619 787 1649 Sollenne
801 1618 884 1647 enim
900 1616 1067 1656 aliquando
1081 1616 1141 1644 fuit
1151 1638 1159 1652 ‚
1170 1616 1210 1645 la-

642 1666 738 1693 cinias
749 1663 932 1701 hujusmodi
941 1664 1041 1702 poetis
1051 1668 1189 1691 attexere
1201 1684 1208 1697 ‚

641 1718 672 1740 et
687 1711 721 1741 iu
734 1710 905 1750 Virgilium
920 1707 1103 1746 hujusmodi
1121 1707 1209 1736 disti-

642 1756 698 1786 cha
724 1763 755 1785 et
782 1754 959 1785 tetrasticha
985 1756 1021 1784 iu
1047 1754 1211 1785 Camlectis

640 1802 791 1832 invenias.
810 1801 870 1832 Sed
879 1800 954 1830 huic
970 1800 1050 1830 forte
1061 1799 1214 1839 suspicio-

641 1849 675 1877 ni
699 1848 750 1877 vel
773 1854 938 1888 propterea
961 1845 1212 1875 adversabuntur

642 1894 705 1923 viri
720 1893 824 1929 docti,
843 1892 931 1933 quod
946 1892 1131 1922 Harduinus
1147 1900 1211 1920 eos-

642 1939 715 1969 dem
729 1949 838 1969 versus
850 1962 858 1977 ,
875 1948 1066 1979 quamquam
1078 1947 1145 1967 non
1160 1937 1211 1965 iis-

641 1984 714 2016 dem
726 1984 764 2015 110
779 1986 909 2022 caussis,
924 1985 1041 2023 rejecit.
1201 1990 1206 1992 ⁷

297 2147 511 2171 GEORGICON
528 2147 574 2170 ΕΤ
591 2147 686 2171 ΤΟΜῙ
706 2148 815 2171 PRlMl
831 2148 942 2171 FINIS.
