1408 2428
551 79 672 108 LIBER
697 78 738 105 II.

1180 65 1243 94 283

51 146 163 180 Mane
179 141 407 177 salutantum
423 136 511 172 totis
532 135 650 170 vomit
669 131 812 169 aedibus
832 128 988 172 undam;

51 205 130 240 Nec
148 200 273 236 varios
288 197 431 234 inhiant
453 194 610 244 pulchra
632 191 820 229 testudine
841 195 986 237 postes,

53 261 272 308 Inlusasque
288 269 380 293 auro
395 255 508 291 vestis
519 282 528 299 ‚
548 252 813 302 Ephyreiaque
835 260 926 292 aera3

54 321 152 358 Alba
165 332 286 368 neque
302 316 456 364 Assyrio
474 315 623 350 fucatur
639 314 723 349 lana
738 321 902 352 ventum,
1201 310 1248 337 4¹35

55 383 135 418 Nec
153 379 251 415 casia
266 375 401 426 liquidi
416 373 675 424 corrumpitur
693 384 782 408 usus
801 369 890 405 olivi
907 382 915 402 ε

55 498 218 527 clientium
232 496 358 525 turbam
372 500 533 524 memorat.
549 494 620 523 Cer-

57 545 133 573 tavit
146 566 154 581 ‚
174 542 262 583 quod
279 543 342 580 jam
355 540 499 571 Maerob.
516 541 562 568 VI
573 562 581 576 ‚
601 550 617 568 2

56 591 178 619 notavit
189 611 196 625 ‚
212 599 285 617 cum
300 588 446 618 Lucretio
461 587 492 615 11
503 609 511 623 ‚
534 591 622 621 24—

60 636 101 666 36
117 635 332 676 pulcherrimo
347 634 434 669 loco;
450 643 514 672 quo
531 632 623 660 etiam

58 681 265 722 exprimendo
287 682 350 719 jam
371 681 452 708 vires
476 685 625 717 expertus

59 735 124 758 erat
137 729 172 757 in
187 727 296 757 Culice
313 727 352 755 61
366 736 433 765 sqq.
445 724 547 753 Aliter
559 733 626 752 sua-

59 775 222 804 vissimum
248 773 429 813 phantasma
463 775 628 799 ornaverat

62 820 175 851 catull.
191 821 295 849 LXIII
306 841 314 855 ‚
333 818 396 857 269
411 827 478 856 sqq.
496 818 628 844 Vomere

60 867 212 896 sermonis
236 865 370 895 Romani
394 864 504 904 genius
518 863 553 890 iu
568 860 629 890 adi-

61 920 96 942 tu
107 936 114 950 ‚
144 914 200 952 qui
218 922 359 952 magnam
383 909 550 938 hominum
578 918 630 936 co-

63 960 147 1000 piam
167 958 319 994 admittit,
348 956 435 986 facile
454 955 531 990 fert,
557 964 630 982 cum

63 1012 94 1035 et
106 1004 281 1035 vomitoria
291 1027 299 1040 ,
322 1010 357 1032 ut
372 1005 406 1032 in
422 1001 542 1030 theatro
553 1022 561 1036 ‚
585 999 631 1028 di-

65 1059 176 1082 cantur
192 1061 200 1081 ;
226 1049 370 1080 Macrob.
397 1049 443 1077 VI
453 1070 461 1084 ‚
495 1053 533 1083 43
560 1045 632 1075 totis

65 1097 184 1128 aedibus
195 1096 309 1133 vomit,
324 1095 361 1125 ad
374 1095 522 1131 majorem
537 1093 629 1121 etiam

65 1143 279 1174 multitudinis
343 1139 603 1182 significationem
620 1161 628 1175 ‚

67 1201 138 1231 quae
148 1197 245 1220 totam
258 1189 405 1223 domum,
416 1186 448 1215 h.
460 1197 485 1215 e.
497 1186 613 1213 atrium
622 1207 629 1221 ‚

67 1237 234 1277 repleverit
244 1258 253 1272 ,
268 1243 300 1264 et
312 1235 412 1265 vomit
417 1231 559 1273 foribus,
577 1241 633 1270 per

68 1282 160 1313 fores.
192 1283 259 1311 Vix
282 1281 366 1310 euim
395 1279 496 1319 placet
515 1279 635 1306 Domus

69 1328 138 1358 alca
146 1328 281 1370 sor-ibus.
302 1326 421 1356 Eodem
440 1325 532 1353 etiam
548 1323 636 1351 unda

69 1374 262 1404 salutantum
284 1373 378 1408 facit;
403 1372 448 1400 sic
473 1377 503 1399 et
532 1367 636 1410 ffisa

70 1419 242 1450 multitudo
265 1419 392 1448 dicitur.
408 1417 555 1447 Ceterum
569 1415 636 1444 haec

69 1466 179 1496 eadem
203 1466 331 1496 brevius
341 1486 350 1500 ‚
378 1474 436 1492 nec
463 1464 568 1492 minus
591 1467 636 1490 ta-

70 1523 143 1542 men
166 1513 322 1553 gravster,
351 1510 503 1549 expressit
524 1510 635 1537 Horat.

70 1560 246 1598 For-umque
263 1557 367 1592 vitat,
396 1563 428 1585 et
448 1553 580 1594 superba
595 1553 637 1582 ci-

72 1604 153 1634 vium
170 1603 385 1634 Potentiorum
405 1601 529 1631 limina.

118 1651 196 1688 463,
214 1650 290 1686 464.
311 1649 343 1679 Si
358 1659 424 1677 non
437 1646 573 1687 superba
586 1656 638 1686 pa-

69 1696 143 1726 latia
164 1696 321 1727 incolunt.
351 1694 403 1724 Ad
426 1693 584 1723 verbum:
605 1691 641 1720 Si

73 1753 138 1772 non
165 1742 302 1778 habeut,
331 1747 361 1769 at
383 1750 478 1780 quam
502 1737 640 1778 splendi-

74 1788 145 1818 dius
158 1799 217 1829 pro
231 1798 268 1818 eo
278 1809 286 1824 ,
305 1786 447 1823 inhiant,
460 1785 575 1815 habere
589 1794 641 1813 cu-

74 1842 180 1875 piunt,
195 1835 298 1864 sinon
307 1832 422 1862 habere
435 1837 557 1867 curant,
567 1840 642 1870 pos-

77 1887 122 1909 tes
138 1879 249 1909 varios
257 1878 394 1919 pulchra
414 1876 584 1912 testudine,
608 1875 640 1905 h.

77 1925 159 1955 fores
168 1936 262 1966 opere
273 1925 427 1965 variegato
436 1945 444 1959 ,
455 1921 641 1952 testudineo.

79 1973 250 2012 Expressos
263 1970 340 2000 hinc
361 1969 447 1998 vides
463 1978 569 1997 versus
584 1969 644 1996 Lu-

80 2019 150 2047 cani
160 2019 203 2053 X,
217 2027 291 2052 120,
306 2025 380 2045 121.
392 2013 645 2044 Eburam'aves-

46 2068 55 2075 ⁶
80 2063 136 2099 tic,
156 2064 201 2092 Et
211 2061 329 2105 suffixa
345 2071 443 2090 manu
448 2059 573 2101 fhribus
588 2066 645 2088 tes-

80 2108 200 2139 tudinis
214 2108 307 2138 lndae
328 2109 430 2148 Terga
442 2105 567 2142 sedent,
583 2115 645 2134 cre-

81 2155 135 2185 bro
159 2155 302 2185 maculas
321 2153 471 2183 discincta
485 2153 644 2191 Zmarao-

81 2201 132 2233 do.
143 2203 251 2233 Vestes
262 2200 412 2241 stragulas
422 2221 431 2237 ‚
444 2208 521 2229 auro
536 2197 645 2228 illusas

673 491 705 520 h.
725 491 824 529 pictas
839 485 1002 526 (ludere,
1034 484 1131 517 lusus,
1165 480 1246 510 {udal

674 536 775 566 briam
786 532 878 576 ὗὲρις,
890 543 924 561 su
930 538 963 560 nt
971 528 1094 559 artificii
1103 534 1247 557 naturam

676 583 825 612 imitantis
833 577 1010 616 vocabula),
1024 574 1247 615 Ephyreiaque

678 640 743 658 cera
753 651 762 663 ,
780 629 867 667 sigua
880 633 910 654 et
927 634 996 653 vasa
1010 633 1049 652 ex
1063 632 1121 651 aere
1136 622 1246 650 Corin-

680 675 805 704 thi0.—-
818 674 894 708 464.
909 670 1113 708 Inclususque
1127 666 1246 696 Medic.

681 732 696 750 a
718 731 800 750 man.
823 730 871 759 pr.
898 720 1059 747 Romanus
1081 721 1111 743 et
1134 713 1171 743 al.
1198 724 1246 752 ap.

681 768 817 797 Pierium
833 775 868 794 ac
883 763 1059 793 Martinam
1070 782 1078 796 ‚
1094 770 1165 788 cum
1181 759 1247 788 Erf.
1280 758 1283 761 ’

682 811 900 852 -ΕρΙυ-Γαά,
915 807 1080 848 Ephyren,
1090 806 1168 834 male
1185 805 1246 834 alii.

683 861 737 889 Est
751 868 823 887 saue
848 849 955 897 ἕῳυρα.
966 878 974 891 ,
1001 846 1171 894 ἔφυραῖες;
1198 851 1250 881 sed

684 912 715 935 et
737 897 900 946 Eprium,
927 894 1086 942 Esupr‘stssog.

733 952 808 986 465.
835 951 987 978 Fusa-atur
1010 952 1146 985 quatuor
1169 944 1253 983 apud

684 999 790 1027 Burm.
808 1006 881 1025 cum
900 993 963 1023 Erf.
979 999 1009 1021 et
1023 999 1083 1021 tres
1101 1001 1148 1030 ap.
1169 992 1253 1020 Mar-

685 1045 741 1073 tiu.
753 1043 809 1083 qui
824 1048 855 1071 et
870 1042 903 1070 iu
917 1046 1039 1069 textum
1053 1037 1181 1077 recepit.
1193 1036 1253 1067 Sed

684 1096 722 1119 ut
738 1100 814 1118 mox
827 1085 1044 1125 corrumpitur,
1062 1085 1105 1113 sic
1123 1083 1154 1112 h.
1170 1082 1253 1123 Lfit-

684 1143 783 1170 catur,
799 1134 888 1174 quasi
902 1133 1047 1166 vitiatur,
1063 1130 1255 1159 contamina-

685 1189 748 1211 tur.
765 1198 809 1203 —
826 1180 901 1216 465.
929 1178 1004 1214 466.
1029 1177 1061 1207 Si
1083 1186 1179 1216 porro
1198 1186 1256 1205 nec

686 1237 838 1268 purpurae
845 1236 904 1255 nec
915 1229 1151 1264 unguentorum
1165 1232 1258 1251 usum

688 1274 814 1304 habent.
827 1274 926 1302 Fucus
941 1270 979 1299 de
990 1268 1137 1308 adoptato
1152 1267 1258 1297 colore

689 1329 882 1360 quocunque
904 1318 1155 1357 frequentanuu3
1177 1320 1258 1343 utet

688 1375 852 1395 ‘venenum
876 1363 916 1393 de
935 1362 1048 1402 quovis
1070 1370 1183 1397 succo,
1209 1361 1259 1389 in-

689 1413 798 1453 primis
815 1418 867 1441 aut
881 1409 1032 1440 amariore
1052 1414 1105 1442 aut
1128 1407 1257 1436 acriore.

689 1458 854 1497 Assyrium
867 1458 900 1487 h.
914 1456 935 1486 l.
950 1466 1008 1495 pro
1022 1454 1113 1494 Syrio
1128 1459 1158 1482 et
1171 1452 1259 1482 Phoe-

690 1506 774 1534 nicio
785 1527 793 1541 ‚
821 1511 857 1533 ut
878 1503 1069 1540 Plerumque
1084 1498 1169 1539 apud
1183 1509 1259 1539 poe-

691 1558 738 1580 tas
761 1549 800 1579 fit
815 1559 822 1580 :
838 1550 887 1580 Sic
903 1541 1048 1589 Ᾱσσὺριεν
1068 1543 1160 1582 ξεῖνον
1178 1547 1259 1574 acci-

690 1596 843 1638 piendum
853 1601 932 1636 puto
941 1593 980 1622 de
989 1598 1162 1622 mercatore
1172 1591 1261 1621 Phoe-

692 1643 778 1673 nicio
792 1652 841 1682 ap.
853 1640 1012 1672 Theocrit.
1024 1640 1055 1667 II
1066 1660 1075 1675 ,
1097 1637 1171 1667 162.
1186 1639 1263 1666 Usus

694 1688 779 1726 olivi,
793 1698 874 1718 nova
888 1684 1094 1727 periphrasis,
1111 1693 1176 1723 quo
1192 1683 1262 1723 quis

694 1737 806 1765 utitur.
837 1735 947 1763 Horat.
976 1730 1028 1760 od.
1057 1731 1105 1759 III
1117 1752 1125 1766 ‚
1155 1739 1168 1758 1
1183 1751 1190 1765 ‚
1218 1734 1259 1764 42

695 1783 765 1812 Nec
784 1787 994 1820 purpurarum
1017 1775 1119 1805 sidere
1146 1774 1265 1804 clarior

697 1825 822 1856 Delinit
833 1835 913 1854 usus.
930 1822 994 1859 inf,
1017 1822 1091 1852 135.
1109 1819 1209 1850 nimio
1223 1830 1263 1849 ne

696 1873 776 1902 luza
800 1870 937 1900 obtusior
958 1878 1029 1898 usus
1054 1867 1104 1896 Sit
1125 1865 1266 1907 genitali

698 1929 783 1948 arvo.
799 1919 847 1947 De
866 1915 955 1945 casia
972 1913 1037 1944 vid.
1057 1923 1128 1953 sup.
1142 1911 1183 1941 ad
1196 1912 1263 1942 Ecl.

698 1966 749 2001 ΙΙ,
775 1970 827 2003 49.
845 1963 961 2001 Georg.
981 1961 1033 1995 11,
1059 1968 1123 1988 212
1136 1969 1145 1995 3
1158 1957 1198 1987 ad
1213 1958 1265 1988 Ti-

698 2010 777 2039 bull.
796 2011 830 2046 1,
856 2009 895 2045 3,
917 2008 972 2037 61.
997 2007 1042 2035 At
1054 2004 1087 2035 h.
1105 2004 1128 2035 l.
1149 2004 1265 2034 intelli-

699 2055 820 2097 gendus
843 2060 889 2084 est
912 2053 1017 2082 frutex
1040 2051 1113 2088 ille,
1136 2049 1175 2080 de
1201 2060 1267 2090 quo

698 2102 820 2132 Plinius
838 2100 900 2141 agit
914 2100 997 2134 XII,
1022 2099 1062 2133 43
1076 2120 1085 2134 ‚
1101 2103 1132 2126 et
1147 2095 1185 2125 de
1202 2106 1269 2136 quo

699 2149 843 2188 inprimis
856 2144 1011 2175 videndus
1025 2143 1149 2182 Haselq.
1164 2142 1270 2180 Hujus

699 2195 788 2225 casiae
811 2193 895 2235 ligna
918 2190 1092 2222 miscebant
1122 2197 1269 2231 unguen-
