1377 2428
546 77 669 106 LIBER
693 75 752 104 111.

1180 73 1244 101 363

57 142 76 175 J
80 150 138 173 am
157 137 269 173 maris
285 132 455 171 immensi
473 134 633 184 prolem,
652 142 688 169 et
707 146 822 183 genus
840 145 948 168 omne
965 139 1177 177 natantum,

58 198 187 233 Litore
205 197 244 232 in
263 207 450 240 extremO,
469 208 537 231 eeu
556 195 738 243 naufraga
754 206 932 243 corpora,
953 193 1089 230 fluctus

58 258 220 303 Proluit3
238 257 396 294 insolitae
418 256 566 304 fugiunt
585 256 624 290 in
644 255 798 291 flumina
817 254 960 303 phoeae.

57 319 192 354 Interit
211 327 246 354 et
263 318 386 353 curvis
404 316 542 352 frustra
564 315 714 351 defensa
729 314 882 351 latebris

59 379 215 428 Vipera,
233 387 269 414 et
286 377 445 414 adtoniti
460 376 623 426 squamis
644 375 878 412 adstantibus
898 374 1023 423 hydri.
1153 412 1156 414 ,
1201 381 1248 410 545

63 438 158 486 Ipsis
179 447 233 475 est
249 451 313 474 aer
332 436 464 474 avibus
482 450 557 473 non
578 449 725 486 aequus,
747 445 783 472 et
798 435 870 472 illae

60 498 273 548 Praecipites
291 498 364 535 alta
379 498 495 534 vitam
510 497 580 534 sub
598 496 699 534 nube
715 496 943 545 relinquunt.

113 560 297 594 Praeterea
310 558 386 608 jam
406 571 474 594 nec
495 558 632 594 mutari
653 556 792 606 pabula
810 556 944 600 refert,

60 617 311 665 Quaesitaeque
328 626 463 654 nocent
480 626 594 663 artes;
612 630 755 654 cessere
771 615 956 665 magistri,

60 675 282 724 Phillyrides
303 675 462 721 Chiron,
482 676 832 725 Amythaoniusque
852 675 1075 722 Melampus.
1203 680 1250 702 ⁵50

62 735 194 782 Saevit,
219 745 272 780 et,
293 736 332 771 in
346 736 468 771 lucem
489 736 627 785 Stygiis
645 737 777 772 emissa
797 735 982 780 tenebris,

62 794 204 831 Pallida
222 794 432 844 Tisiphone
449 794 607 831 Morbos
625 796 700 845 agit
715 805 800 832 ante
820 797 1060 842 Metumque,

63 857 185 904 Inque
203 855 280 891 dies
297 854 450 891 avidum
466 868 621 904 surgens
638 864 750 905 eaput
768 855 878 892 altius
895 854 1017 891 essert.

113 997 188 1031 541.
207 997 408 1026 Aristotelem
426 999 508 1028 Hist.
525 999 633 1029 Anim.

66 1043 145 1072 VIII
157 1065 164 1079 ,
185 1053 235 1081 19,
249 1053 290 1072 20
307 1053 436 1083 negare,
452 1045 552 1083 pisces
570 1045 636 1074 ullo

64 1089 223 1130 pestilenti
251 1089 364 1119 morbo
405 1091 537 1128 tentari,
572 1091 635 1128 jam

66 1135 166 1166 Cerda
193 1136 314 1165 notavit
326 1146 334 1172 3
348 1143 379 1165 et
404 1136 505 1165 videri
533 1143 636 1177 potest

66 1181 255 1211 castissimus
270 1190 364 1222 poeta
384 1184 491 1223 potius
509 1184 637 1223 ingenio

66 1227 232 1264 indulsisse
243 1247 251 1261 ,
268 1235 362 1264 quam
381 1236 487 1255 rerum
503 1229 638 1263 veritati,

66 1279 150 1302 certe
169 1271 203 1300 in
218 1271 290 1307 sslis,
311 1282 381 1311 quae
397 1271 435 1300 de
456 1279 639 1311 serpentum

67 1330 99 1348 v.
120 1318 196 1353 544,
213 1317 277 1353 545
289 1324 389 1357 strage
399 1325 560 1354 memorat,
570 1329 640 1357 quae

68 1374 130 1404 qua
142 1363 218 1400 fide,
234 1374 295 1403 qua
311 1365 509 1400 auctoritate,
527 1374 641 1404 posue-

69 1411 128 1447 rit,
156 1411 280 1450 Quom.
314 1409 373 1439 Sed
399 1410 523 1439 infectis
554 1412 642 1450 aquis

68 1456 168 1497 pisces
183 1456 371 1496 contagiosis
386 1456 505 1485 morbis
520 1457 638 1491 vexari,

71 1513 120 1531 res
144 1508 190 1530 est
221 1503 305 1531 inter
327 1501 466 1531 historiae
493 1503 642 1532 naturalis

72 1554 214 1578 auctores
243 1558 330 1577 nunc
363 1549 436 1577 satis
469 1549 640 1588 explorata.

72 1594 198 1629 Phocoe,
214 1594 306 1623 vituli
321 1595 444 1635 marini.
456 1596 580 1630 —543.
593 1597 643 1624 In-

71 1640 170 1679 solitae
179 1640 322 1680 fugiunt,
337 1651 395 1680 pro
405 1641 533 1671 insolito
544 1652 643 1671 more.

72 1704 118 1709 --
131 1687 206 1722 545.
231 1686 397 1722 Αεῖίοηίιὶ,
419 1694 588 1728 torpentes,
606 1689 645 1717 ri-

72 1739 188 1773 gentes.
195 1732 341 1773 Squamis
347 1733 556 1772 adstantibus,
564 1741 645 1764 stan-

73 1779 168 1817 tibus,
180 1780 300 1815 erectis,
310 1779 524 1812 horrentibus,
532 1783 645 1810 —Ex-

27 1860 31 1862 q
73 1826 228 1855 stantibus
245 1826 332 1855 malit
349 1828 401 1857 Jo.
418 1827 581 1859 Schrader.

124 1872 200 1907 548.
222 1874 297 1902 Jam
319 1883 376 1901 nec
399 1884 415 1902 e
438 1873 527 1903 libris
555 1885 644 1914 repo-

75 1919 139 1948 suit
157 1919 266 1949 Heius.
285 1921 332 1948 Ita
355 1925 459 1949 tamen
481 1921 543 1958 jam
566 1921 644 1962 lege-

76 1964 170 1994 batur
194 1966 229 1994 in
254 1965 441 1996 Commeh'n.
477 1967 643 1998 Pulmann.

43 2014 53 2022 ⁸
77 2011 182 2041 Elzev.
193 2022 202 2048 3
215 2011 313 2051 vulgo
326 2011 394 2048 alii,
408 2012 554 2053 necjam,
571 2025 645 2045 cum

77 2059 221 2088 Romano
232 2079 241 2094 ,
263 2065 299 2087 ut
317 2064 348 2087 et
370 2058 453 2088 Beda
470 2058 509 2088 de
527 2062 644 2091 metris,

78 2104 123 2133 At
136 2103 281 2134 Macrob.
307 2106 368 2135 Sat.
384 2106 430 2134 VI
441 2128 450 2142 ,
472 2116 488 2134 2
515 2109 645 2136 Proeter-

78 2160 119 2179 ea
141 2160 199 2180 nec
221 2150 339 2180 macari
351 2150 425 2192 jam
440 2152 574 2192 pabula.
600 2171 646 2177 —

80 2196 156 2236 549.
175 2197 386 2238 Quaesitoeque
406 2206 522 2229 nocent
543 2207 645 2239 arces,

688 1008 794 1042 parata
810 999 958 1029 remedia.
990 999 1116 1028 cessere
1140 1000 1257 1040 magis-

690 1048 748 1084 tri,
784 1046 900 1076 cedunt
927 1046 1040 1075 morbo
1064 1044 1076 1085 (
1099 1045 1260 1074 mussabat

690 1093 787 1123 tacito
811 1091 969 1121 medicina
994 1091 1106 1121 timore
1135 1094 1258 1121 Lucret.

689 1142 735 1169 VI
746 1162 754 1176 ,
785 1150 797 1168 1
808 1150 820 1168 1
829 1150 843 1176 7
852 1149 866 1176 7
884 1138 913 1178 )‚
943 1139 1118 1167 vincuntur
1129 1161 1137 1174 ,
1162 1145 1260 1167 artem

692 1188 720 1216 ei
734 1196 820 1215 suam
835 1187 986 1222 imparem
1002 1195 1067 1213 esse
1081 1183 1192 1212 vident
1200 1194 1262 1213 me-

693 1230 773 1266 dici,
793 1236 824 1258 et
838 1228 967 1268 quidem
981 1229 1259 1269 praestantissimi,

694 1286 772 1316 quos
785 1275 969 1304 nominibus
982 1276 1159 1304 clarissimis
1175 1286 1264 1305 exor-

694 1328 748 1350 nat
774 1320 932 1357 Chironis,
964 1332 980 1350 e
1007 1321 1133 1361 Philyra
1162 1323 1262 1362 Nym-

695 1368 757 1407 pha
772 1373 803 1396 et
816 1369 951 1397 Saturno
962 1389 970 1403 ,
987 1374 1018 1396 et
1032 1367 1245 1406 ffIelampodis
1255 1390 1263 1404 ,

696 1424 736 1443 ex
759 1412 979 1453 Amythaone,
1000 1413 1124 1441 AEsonis
1148 1413 1263 1450 fratre,

695 1462 780 1495 nati,
800 1469 937 1498 quorum
952 1457 1003 1487 hic
1022 1458 1151 1499 quidem
1168 1469 1265 1500 augu-

696 1507 750 1535 riis
765 1512 796 1534 et
821 1504 990 1546 καθαρμεῖς
1018 1507 1154 1534 maxime
1180 1505 1266 1535 illus-

696 1553 751 1581 tris
765 1551 849 1590 apud
864 1558 987 1590 poetas,
1008 1551 1085 1580 alter
1102 1560 1177 1580 vero
1199 1551 1267 1581 her-

696 1598 755 1628 bis,
771 1598 851 1627 Nam
868 1596 929 1626 hoc
954 1598 1095 1626 Martino
1118 1598 1154 1627 in
1177 1608 1265 1627 men-

697 1651 760 1673 tem
792 1644 900 1672 venire
936 1654 1003 1673 non
1033 1644 1168 1673 debebat
1187 1666 1195 1681 ,
1231 1650 1268 1673 ut

697 1690 780 1719 hanc
792 1691 1004 1719 narrationem
1018 1690 1055 1719 ad
1068 1691 1267 1731 Argonauta-

698 1748 769 1766 rum
787 1743 928 1776 tempora
943 1737 1083 1767 referret.
1098 1754 1145 1759 --
1162 1736 1268 1765 Cessa-

697 1794 730 1812 re
742 1783 858 1813 Medic.
874 1793 890 1812 a
903 1793 944 1812 m.
956 1794 1005 1822 pr.
1019 1782 1268 1823 Amyclzaonius,

697 1829 964 1869 Amicaoniusque
992 1831 1178 1870 Dlenalpus,
1197 1831 1269 1859 Ma-

699 1876 862 1916 loampus,
894 1875 1115 1916 fflelamplzus,
1145 1876 1267 1906 aberra-

698 1924 809 1952 tiones.
837 1921 902 1951 vid.
928 1923 1078 1962 Apollod.
1096 1925 1130 1959 I,
1154 1934 1193 1962 9,
1216 1932 1267 1952 11.

748 1970 789 1998 55
797 1979 809 1997 1
820 1986 865 1990 -—
876 1969 952 1999 553.
962 1971 1082 1999 Versus
1090 1969 1184 2010 longe
1192 1979 1269 2010 prae-

698 2016 880 2044 stantissimi
893 2022 924 2045 et
938 2016 1062 2056 pictura
1078 2016 1166 2045 omni
1186 2017 1267 2045 vivi-

698 2061 801 2091 diores
813 2084 821 2098 ,
837 2061 970 2103 neglecti
986 2068 1090 2091 tamen
1105 2061 1144 2091 ab
1159 2063 1267 2102 Intpp.

699 2109 744 2137 Et
758 2108 889 2147 pallida
916 2107 1083 2148 Tisiphone
1106 2119 1123 2137 e
1150 2107 1269 2149 Stygiis

699 2154 832 2183 tenebris
844 2153 876 2183 in
889 2154 989 2184 lucem
1006 2155 1160 2184 emittitur
1170 2177 1178 2192 ‚
1194 2160 1248 2183 aut
1258 2177 1267 2190 ‚

700 2200 788 2241 qnod
801 2202 926 2242 gravius
945 2208 991 2231 est
1002 2224 1010 2239 ‚
1038 2201 1152 2231 emissa
1165 2199 1265 2235 saevt't,
