1408 2428
566 96 687 126 LIBER
712 96 753 125 II.

1198 92 1261 120 255

66 153 278 191 Arboribus
294 166 417 204 seges,
434 162 471 190 et
487 165 564 202 quo
581 165 670 190 mox
690 152 833 203 digesta
851 153 1014 197 feratur3

64 218 251 252 Mutatam
267 215 440 265 ignorent
459 213 586 250 subito
602 227 650 251 ne
667 214 809 251 semina
826 221 996 249 matrem.

65 276 168 321 Quin
187 276 299 312 etiam
319 275 402 312 coeli
420 275 614 325 regionem
631 275 670 311 in
688 275 830 312 cortice
849 274 1015 324 signant,

64 336 136 380 Ut,
152 348 229 384 quo
245 348 404 385 quaeque
422 334 537 372 modo
555 336 719 380 steterit,
739 348 814 385 qua
831 342 938 384 parte
957 331 1101 369 calores
1213 348 1260 371 270

63 396 263 433 Austrinos
282 396 427 441 tulerit,
446 407 530 445 quae
547 402 653 444 terga
672 395 880 431 obverterit
898 394 978 438 axi,

64 456 277 492 Restituam
293 471 301 492 ε
320 455 414 492 adeo
429 456 469 492 in
488 456 627 493 teneris
644 468 890 493 consuescere
908 454 1069 490 multum
1089 455 1160 489 est!

115 516 302 562 Collibus,
320 530 367 553 an
384 517 497 566 plano
515 517 648 554 melius
664 518 710 555 sit
728 530 870 567 ponere
888 516 1021 559 vitem,

64 661 116 686 ra,
135 650 283 680 malleoli
293 650 351 679 vel
363 650 432 680 vivi
440 650 558 680 radicis
572 652 632 681 Co-

63 697 192 727 lumella
211 698 277 732 ΙΙΙ,
309 702 368 734 14,
399 707 440 735 23
463 697 532 726 haec
560 705 636 728 sunt

62 743 198 773 semina.
209 761 254 765 -—
264 743 341 773 268.
365 745 493 773 ssIucata
507 751 568 773 tres
584 755 632 784 ap.

64 792 172 820 Burm.
201 791 345 830 quinque
374 800 424 830 ap.
453 791 583 821 Martin.
605 798 637 821 et

62 844 139 867 rent.
157 836 228 867 edd.
245 835 354 865 multae
365 859 374 873 ‚
385 837 488 866 Pierio
502 844 533 866 et
550 838 635 866 Mar-

62 884 131 913 tiuo
149 883 302 918 testibu53
317 881 405 922 quod
417 889 448 912 et
462 884 567 923 ipsum
581 883 638 913 bo-

61 940 141 959 num
167 936 266 965 „esset
289 946 334 951 —
350 930 508 958 Mutatam
538 929 638 959 subito

62 983 215 1012 matrem,
243 986 375 1011 novam,
397 976 556 1016 ignotam,
579 982 637 1005 ter-

62 1032 140 1053 ram.
161 1022 212 1052 Ne
235 1021 403 1063 ignorem,
424 1021 566 1062 adeoque
577 1033 635 1052 nec

62 1068 248 1099 adsuescant
258 1090 266 1105 ‚
284 1078 343 1098 nec
357 1069 391 1098 iu
405 1078 440 1097 ea
452 1067 634 1108 proficiant,

62 1115 143 1145 nihil
157 1115 268 1145 ferant.

112 1162 231 1202 269—-
248 1171 325 1199 27²·
358 1160 532 1191 Provident
556 1172 635 1202 quo-

61 1218 143 1249 que,
165 1210 221 1249 qui
244 1210 324 1238 vites
347 1207 508 1247 plantant,
529 1215 566 1237 ut
585 1219 634 1238 re-

61 1256 194 1285 stituant
209 1265 306 1284 unam
333 1264 492 1295 quamque
520 1254 642 1284 eodem·

61 1303 141 1339 situ,
158 1301 325 1332 cardinum
346 1301 419 1330 coeli
438 1303 560 1331 ratione
579 1301 632 1331 ha·

62 1348 147 1386 bita,
163 1359 229 1388 quo
252 1349 286 1377 in
308 1349 476 1377 seminario
493 1354 630 1378 steterat.

66 1396 206 1434 Quoeque
221 1394 330 1435 paullo
345 1394 438 1423 altius
451 1393 491 1423 ad
506 1393 633 1424 arbores

61 1451 91 1470 v.
113 1441 174 1478 267
202 1439 415 1470 referendum.
439 1440 565 1471 Colum.
581 1443 632 1479 V,

64 1487 100 1524 6,
123 1497 182 1527 19,
199 1497 240 1517 20
263 1487 352 1517 hunc
373 1486 482 1516 locum
507 1487 543 1517 in
565 1488 633 1516 ani-

61 1544 114 1563 mo
134 1533 257 1564 habuit.
278 1535 328 1563 De
345 1532 512 1563 arboribus
531 1535 633 1563 omni-

61 1590 104 1609 no
118 1580 225 1610 eadem
241 1591 290 1620 ap.
307 1580 388 1610 Plin.
399 1581 509 1614 XVII,
531 1591 554 1611 s.
578 1581 630 1611 16.

60 1626 132 1655 Axi
138 1649 146 1664 ,
161 1627 238 1668 polo
251 1626 518 1667 septemtrionali3
533 1627 566 1656 vi
579 1638 632 1668 ap-

59 1674 166 1715 positi.
199 1675 347 1715 Signatur
378 1673 412 1703 iu
434 1673 543 1714 planta
569 1685 633 1703 me-

60 1720 181 1750 ridjana
200 1720 273 1750 coeli
290 1729 362 1761 pars
384 1720 420 1749 in
444 1720 578 1757 cortice,
594 1728 632 1750 ut

59 1767 208 1797 translata
230 1767 303 1796 vitis
321 1765 428 1796 eadem
449 1773 538 1807 parte
560 1777 630 1796 aus-

58 1820 145 1844 irum
170 1819 308 1854 spectet,
334 1811 478 1853 adeoque
499 1823 516 1842 a
541 1820 632 1854 tergo

59 1861 317 1900 septemtrionem
340 1859 465 1890 habeat.
487 1877 534 1883 -
552 1870 628 1898 270.

61 1906 213 1936 Steterint
225 1929 234 1942 ,
278 1905 408 1936 tulerint
421 1929 430 1942 ,
472 1906 638 1936 obverterit

59 1952 176 1982 Medic.
199 1952 325 1982 Colores
340 1951 383 1982 id.
401 1962 417 1981 a
431 1962 514 1982 man.
528 1963 576 1994 pr.
587 1970 634 1976 —

62 2000 142 2038 Quae
155 2005 248 2039 τεἯα
256 1999 366 2028 Heius.
376 1999 548 2036 revocavit,
559 2009 634 2030 cum

60 2055 75 2073 a
97 2045 335 2075 Pulmannianis
361 2055 427 2085 qua
449 2045 631 2077 invaluerit.

32 2084 40 2091 ⁰
58 2090 169 2121 —Cui
185 2091 236 2121 vel
250 2089 327 2131 quoi
344 2091 522 2129 conjecerat
534 2093 633 2122 Hein-

58 2138 285 2168 sius.—-Terra
298 2147 382 2167 unus
398 2137 506 2168 Mead.
524 2138 631 2168 obver-

58 2191 138 2214 τεν-ει·
148 2184 281 2215 Mentel.
298 2194 348 2224 pr.
363 2183 460 2214 Goth.
480 2195 530 2225 pr.
547 2196 633 2215 aver-

57 2230 131 2261 terit
140 2230 228 2262 Leid.
241 2242 290 2272 pr.
304 2247 351 2254 —-
368 2241 445 2269 27²·
460 2233 502 2261 In
515 2231 633 2262 teneris

688 650 807 681 Medjc.
841 655 872 678 et
902 648 1058 677 meliores.
1089 649 1118 675 A
1146 645 1262 675 teneris

688 698 760 733 alii3
788 703 820 726 et
852 702 898 724 est
928 695 981 724 illa
1016 694 1150 722 varietas
1178 691 1263 733 apud

689 743 826 784 Quintil.
848 743 879 778 1,
912 742 947 777 3,
976 741 1013 770 13
1030 762 1039 775 ‚
1064 739 1122 769 ubi
1153 748 1263 768 versus

688 789 847 820 laudatus.
883 789 1108 818 Mansuescere
1148 786 1261 826 fragm.

690 838 806 866 Moret.

740 884 867 920 273——
887 886 962 918 274.
988 881 1032 911 Ut
1063 878 1161 920 vulgo
1194 877 1262 907 haec

691 929 894 969 accipiuntur
902 950 910 963 ‚
920 928 1001 956 sitne
1011 925 1123 956 melius
1138 925 1261 954 vineam

691 977 725 1005 in
750 974 851 1011 colle,
878 985 917 1003 au
942 974 977 1003 in
1001 983 1113 1013 campo
1141 970 1262 1001 facere?

689 1021 757 1052 hiat
772 1022 871 1051 oratio
891 1030 897 1051 :
918 1030 977 1051 nec
992 1020 1078 1050 enim
1092 1019 1183 1049 locus
1197 1029 1262 1047 esse

689 1068 817 1098 viderur
825 1068 900 1097 huic
910 1066 1090 1107 quaestioni3
1101 1072 1132 1095 et
1140 1072 1263 1095 utrum-

688 1126 751 1155 que
776 1121 807 1144 et
828 1121 911 1143 recte
937 1112 992 1150 fit,
1010 1119 1041 1142 et
1054 1111 1124 1141 fieri
1136 1118 1240 1152 potest
1252 1134 1260 1146 ‚

688 1169 720 1192 et
733 1171 927 1203 quamquam
949 1158 1057 1199 campi
1068 1157 1192 1199 largius
1208 1158 1259 1186 ὐἰ-

689 1219 764 1238 ηιιιη,
779 1231 786 1244 ,
827 1207 923 1236 colles
967 1204 1103 1235 nobilius
1134 1203 1259 1245 jerunt.

688 1255 804 1285 Pallad.
820 1256 833 1283 I
845 1277 854 1291 ,
876 1255 895 1283 G
907 1277 916 1289 ‚
940 1265 954 1291 ς·
969 1265 977 1290 ;
994 1253 1140 1292 Geopon.
1158 1251 1256 1285 VIII,

694 1312 705 1331 1
718 1325 725 1336 ,
742 1300 830 1342 quod
859 1307 963 1329 tamen
993 1299 1046 1328 hic
1069 1297 1259 1335 subjicitur,

685 1348 766 1378 nihil
795 1347 833 1378 ad
850 1347 913 1376 hoc
933 1346 1017 1376 facit.
1038 1343 1099 1376 Sed
1124 1343 1259 1373 dilectus

684 1396 765 1425 ratio
779 1417 788 1432 ,
815 1404 876 1435 pro
907 1393 979 1423 coeli
992 1415 1001 1428 ,
1034 1391 1201 1432 regionum
1229 1397 1260 1419 et

685 1447 846 1472 tractuum
861 1440 983 1470 diversa
1003 1445 1132 1475 natura,
1157 1437 1260 1466 varia-

684 1499 736 1525 re,
753 1494 785 1518 et
804 1498 840 1518 ea
863 1486 1020 1517 dubitatio
1044 1485 1179 1515 existere
1200 1493 1258 1523 po-

686 1540 746 1565 test
759 1557 767 1571 ‚
784 1534 845 1564 sub
861 1534 924 1564 hoc
942 1533 994 1562 vel
1017 1531 1074 1561 illo
1103 1530 1185 1560 coelo
1197 1553 1204 1567 ‚
1224 1530 1259 1558 in

686 1581 740 1610 tali
759 1581 860 1611 vineae
881 1581 962 1616 situ,
982 1585 1036 1608 aut
1051 1579 1085 1607 'm
1103 1583 1190 1607 certo
1207 1587 1258 1617 ge·

685 1638 761 1658 nere
770 1628 885 1657 vitium
896 1650 904 1664 ,
914 1625 1002 1666 quod
1010 1624 1136 1661 habeas,
1147 1630 1258 1652 utrum

685 1675 886 1715 potissimum
922 1673 1024 1702 facere
1069 1670 1257 1705 conveniat,

686 1721 894 1762 campestrine
914 1730 954 1749 an
982 1718 1101 1748 collino
1119 1716 1188 1746 solo
1212 1716 1258 1744 vi-

685 1778 778 1798 neam
793 1777 905 1797 serere.
925 1768 1008 1807 Ergo
1024 1771 1193 1804 antequam
1213 1772 1226 1789 x
1236 1763 1260 1791 i-

684 1820 748 1844 tem
769 1815 880 1855 poniS,
909 1813 1050 1854 plantas,
1072 1808 1255 1842 considera,

684 1867 793 1890 utrum
819 1860 871 1890 illa
896 1860 999 1889 laetius
1017 1859 1052 1887 in
1066 1857 1141 1886 loco
1161 1855 1258 1895 plano

688 1918 728 1936 un
746 1909 781 1937 in
797 1906 894 1943 cosse,
916 1910 1112 1946 proventura
1129 1902 1178 1931 sit.
1198 1901 1260 1930 Co-

687 1954 766 1984 lum.
778 1955 836 1990 ΙΙΙ,
853 1963 880 1987 1,
898 1953 915 1982 5
926 1950 1141 1992 Exploratum
1150 1956 1259 1978 tamen

687 1999 816 2029 habebit
829 1998 974 2039 prudens
995 1995 1141 2037 agricola
1156 2004 1260 2035 genus

686 2045 767 2076 ‘vicis
786 2044 892 2076 habile
908 2054 1037 2084 campo,
1061 2041 1150 2082 quod
1164 2040 1261 2070 nebu-

687 2092 736 2121 las
752 2092 970 2133 pruinamque
990 2088 1060 2119 sine
1085 2098 1174 2118 noxa
1183 2097 1261 2127 per-

676 2137 766 2181 fi²rt;
782 2137 874 2174 colli,
891 2136 980 2178 quod
988 2134 1165 2165 siccitatem
1178 2143 1263 2163 ven-

686 2192 796 2226 tosque
804 2183 939 2225 patitur.
954 2182 1038 2212 conf.
1055 2181 1137 2213 Plin.
1153 2180 1263 2216 XVIIJ

689 2242 729 2261 22
742 2254 751 2269 ‚
771 2238 850 2261 sect.
871 2231 927 2267 15,
951 2231 1003 2260 16,
