1408 2428
592 76 760 105 ECLOGA
786 76 841 103 IV.
1278 82 1314 101 11

118 142 239 174 Pauca
261 146 387 172 tamen
411 135 597 172 suberunt
614 133 746 183 priscae
766 133 925 181 vestigia
948 133 1101 178 fraudis,

120 204 215 244 Quae
239 207 382 234 tentare
399 196 550 233 Thetim
571 194 730 239 ratibus,
752 207 835 243 quae
857 195 1006 243 cingere
1027 194 1143 230 muris

118 258 282 307 Oppida,
299 270 382 307 quae
395 256 555 308 jubeant
576 256 701 292 telluri
717 255 900 291 infindere
918 254 1051 291 sulcos.

117 319 223 355 Alter
243 319 314 355 erit
330 328 409 354 tum
430 317 593 366 Tiphys,
615 326 650 353 et
673 316 789 352 altera
811 328 894 364 quae
914 314 1028 351 vehat
1045 319 1147 363 Argo

118 380 291 416 Delectos
312 379 465 424 heroa53
488 387 598 414 erunt
620 377 733 414 etiam
755 377 872 413 altera
894 375 1019 421 bella;
1288 384 1316 406 351

118 444 241 488 Atque
262 439 398 476 iterum
421 439 467 476 ad
488 439 640 488 Trojam
663 451 819 488 magnus
839 437 1010 473 mittetur
1030 436 1206 472 Achilles.

83 507 87 510 ’
118 499 227 543 Hinc,
248 499 314 535 ubi
331 500 409 549 jam
430 500 576 535 firmata
597 499 721 535 virum
738 507 773 534 te
796 496 927 533 fecerit
949 506 1050 541 aetas,

124 649 134 666 1
144 644 183 673 (42
195 649 242 678 sq.
254 641 349 677 703³?
362 650 410 669 10.
424 641 533 669 Horat.
546 641 575 668 II
588 641 690 669 Canu,

122 694 172 723 19,
194 695 204 713 1
216 696 227 714 1
237 708 243 713 .
257 703 303 707 —-
313 686 432 714 Eclnrcz’
445 687 528 723 conj.
543 688 634 715 Voss
649 704 694 707 —

117 730 236 759 Rosida
257 739 286 761 et
306 731 358 760 hic
380 732 530 761 scribitur
553 733 585 761 in
599 731 693 768 binis,

119 783 153 805 ut
171 777 254 806 alibi.

169 824 206 852 31
228 841 274 845 ——
295 825 346 853 36.
364 826 473 853 Pauca
490 831 610 852 tamen.
631 825 692 852 He-

119 879 210 898 roum
227 871 286 898 erit
297 869 365 898 haec
379 877 461 906 38135,
482 869 627 898 nondun]
641 870 693 898 illa

117 916 261 944 Saturnia
272 925 279 945 ε
291 915 328 944 3(1
338 926 432 955 quam
443 926 499 955 per
506 917 594 945 istam
606 927 693 945 exae-

117 968 179 989 tam
195 972 301 991 rerum
323 961 409 992 orbis
422 962 547 991 redibit.
562 965 693 992 Eum-rat

118 1007 195 1037 adeo
210 1015 302 1047 poeta
325 1009 388 1045 illa,
407 1020 478 1048 quse
503 1009 542 1037 ab
565 1009 691 1039 heroica

118 1054 181 1082 vita
201 1065 268 1084 nou
288 1055 425 1085 abfuere.
445 1055 586 1095 Vestigia
597 1055 692 1096 frau-

118 1099 178 1137 dis,
194 1101 319 1131 sceleris
334 1125 342 1138 ‚
365 1101 519 1144 πρετέρτκς
546 1099 631 1139 ἄτης,
656 1111 691 1132 111

123 1147 161 1175 13
188 1147 314 1177 sceleris
337 1148 479 1189 ‘vestigia
513 1149 630 1185 nostri,
657 1149 687 1179 h.

118 1193 199 1221 mala
214 1200 245 1222 et
259 1196 335 1223 vitia
347 1194 503 1224 nonnulla
514 1218 522 1231 ‚
540 1206 579 1224 ex
595 1196 690 1224 serio-

116 1237 206 1267 ribus
225 1240 369 1269 aetatihus
385 1240 495 1269 inolita
507 1264 514 1277 ‚
529 1251 600 1281 quae
615 1252 688 1270 cum

115 1285 337 1315 Saturnjorum
351 1292 531 1326 tempomm
544 1287 691 1327 simplici-

115 1335 177 1359 tate
190 1338 220 1360 et
233 1333 417 1362 innocentia
431 1343 497 1362 non
519 1335 591 1362 satis
614 1344 690 1362 con-

116 1378 273 1414 veniunt;
294 1386 331 1408 ut
356 1380 513 1419 navigatio
527 1402 535 1415 ‚
559 1379 689 1408 urbium

116 1424 264 1460 munnio,
279 1426 377 1454 aratio
389 1436 397 1460 ;
415 1435 486 1464 quae
496 1426 602 1454 onmia
615 1436 689 1454 cuni

116 1467 221 1498 adulta
245 1471 337 1509 pueri
359 1477 448 1499 aetate
470 1471 637 1500 cessabunt
659 1482 688 1500 v.

119 1515 171 1551 37.
192 1516 274 1545 Cum
295 1517 329 1544 in
351 1523 421 1545 vate
444 1527 626 1555 versemur,
643 1518 690 1546 in-

116 1562 246 1599 terpreti
281 1561 517 1591 subsistendum
555 1564 590 1592 in
629 1562 691 1592 hoc

114 1606 328 1646 phantasmate
349 1610 494 1648 poetico3
520 1619 580 1638 nec
605 1620 691 1649 qute-

115 1652 232 1683 rendus
250 1662 381 1684 eventus
393 1677 400 1691 ‚
415 1656 470 1695 qui
492 1656 689 1695 respondeat.

114 1700 215 1740 Magis
239 1708 346 1741 argute
370 1703 475 1741 itaque
498 1712 591 1742 quam
618 1714 690 1732 vere

115 1745 154 1774 ad
166 1757 214 1776 res
224 1747 291 1785 ejus
305 1749 378 1777 anm'
389 1748 512 1785 referas,
523 1749 609 1788 quod
619 1756 690 1789 post

114 1792 347 1823 Brundusinam
380 1805 490 1835 pacem
521 1803 623 1825 metus
650 1796 689 1825 de

114 1841 200 1875 Sexti
231 1843 372 1881 Pompeii
405 1841 555 1871 classibus
585 1842 688 1872 adhuc

114 1895 292 1929 supererat,
317 1899 411 1928 quem
431 1899 532 1917 annus
553 1899 687 1928 sequens

113 1946 189 1975 pace
196 1935 366 1964 Puteolana
378 1934 539 1964 sublatum
548 1935 686 1965 vidit.—

118 1983 168 2011 32.
177 1980 287 2010 Thetin
304 1980 369 2010 duo
379 1980 464 2021 apud
471 1981 684 2011 Heins.-—33.

114 2027 291 2068 Infzmdere
314 2034 394 2064 tres,
420 2027 617 2056 aberratione
636 2038 686 2056 so-

113 2074 177 2103 lita.
196 2073 320 2103 Tellure
329 2073 478 2103 Rottend.
495 2079 564 2101 tert.
584 2073 686 2102 Tellu-

114 2131 179 2150 rem
190 2119 345 2162 infindere
354 2120 440 2148 sulco
451 2122 583 2150 Roman.
592 2130 687 2158 unus,

114 2177 172 2206 pro
195 2177 259 2207 quo
284 2166 377 2196 sulcis
394 2168 538 2195 Vatican.
557 2167 689 2207 Recepit

115 2223 243 2258 quoque
257 2213 444 2246 Wakefield.
459 2233 505 2238 —-
518 2220 569 2251 34.
585 2217 689 2256 Argos

747 638 824 673 (1110,
842 638 938 673 111318;
955 647 1029 666 mox
1045 636 1109 665 duo
1126 634 1322 665 Achillan*

748 684 897 725 Indulget
927 684 987 713 sibi
1021 689 1113 723 poeta
1125 705 1132 718 ‚
1166 693 1217 718 ea,
1254 693 1324 722 qua·

747 730 883 759 heroicis
918 729 1062 759 aetatibus
1087 730 1226 758 evenisse
1252 739 1322 758 nar-

749 783 877 813 rantur,
902 775 1198 811 commen10rand0;
1222 776 1323 815 Argo-

747 828 916 850 nautarum
938 822 1056 851 scilicet
1073 822 1303 861 navigationem
1317 846 1323 852 .

747 874 777 896 et
792 868 991 898 Achivorum
1008 867 1045 897 ad
1061 869 1188 905 Trojam
1199 868 1325 907 expedi<

748 916 877 944 tionem.
899 917 980 944 Sunt
997 924 1073 943 vero
1100 914 1193 954 plane
1215 914 1323 943 adum-

747 960 835 989 brata
851 971 891 990 ex
908 961 1071 993 Hesiodeis
1089 971 1147 990 vss.
1168 961 1243 990 161.
1255 972 1322 1001 sqq.

796 1009 905 1045 37—J4
913 1008 942 1037 5.
961 1008 1043 1038 Cum
1054 1008 1138 1036 virili
1157 1014 1244 1037 aetate
1254 1018 1323 1047 per-

746 1054 865 1083 foetum
891 1054 930 1083 ab
956 1055 1042 1083 omni
1066 1060 1155 1093 parte
1178 1054 1324 1083 succedet

745 1101 898 1130 sarculum
916 1102 1117 1133 Saturnium,
1136 1111 1228 1129 aurea
1243 1107 1324 1129 181115.

746 1148 798 1176 Ab
823 1147 880 1176 hac
909 1148 1016 1187 itaque
1047 1147 1182 1176 aberunt
1216 1158 1324 1176 omnes

744 1201 846 1233 pestes
865 1201 896 1223 et
912 1194 992 1223 mala
1007 1195 1096 1230 vitae,
1113 1203 1184 1232 quae
1196 1204 1253 1233 per
1269 1204 1323 1222 cu-

745 1240 891 1279 piditates
926 1239 1094 1269 hominum
1130 1239 1323 1268 inferuntur.

747 1286 865 1314 Contra
893 1286 1037 1314 omnium
1067 1295 1173 1314 rerum
1204 1285 1324 1324 ubique

744 1342 802 1371 per
829 1338 983 1360 terrarum
1009 1330 1120 1359 orbem
1149 1332 1239 1370 copia
1266 1333 1325 1360 erit

745 1388 877 1413 summa,
892 1375 1085 1417 omnisfiret
1098 1377 1208 1405 omnia
1218 1377 1320 1412 tellus,

745 1430 781 1451 ut
804 1424 1003 1464 navigatione
1025 1429 1154 1452 externa
1178 1422 1262 1453 bona
1284 1434 1323 1452 ne

745 1476 851 1508 petere
869 1469 999 1509 quidem
1009 1480 1134 1499 necesse
1158 1470 1207 1499 sit.
1228 1470 1322 1499 Nulla

746 1515 822 1545 adeo
833 1517 892 1545 erit
902 1517 1069 1556 navigatio.
1081 1527 1112 1545 v.
1128 1516 1179 1545 38.
1195 1516 1248 1555 393
1266 1518 1322 1545 erit

746 1569 856 1591 contra
866 1562 994 1603 frugum
1002 1563 1211 1602 omniumque
1219 1573 1235 1592 e
1243 1569 1323 1592 terra

744 1610 942 1638 nascentium
960 1615 1136 1649 proventus
1150 1610 1216 1638 sine
1232 1609 1322 1638 cultu

748 1660 789 1690 40
809 1666 894 1695 sqq.‚
918 1666 990 1695 quae
1009 1662 1055 1684 est
1079 1662 1232 1695 perpetua
1254 1655 1321 1684 laus

745 1703 842 1731 aetatis
856 1712 973 1739 aureae,
985 1713 1025 1731 ex
1036 1703 1167 1741 antiquo
1177 1711 1321 1731 sermone·

743 1743 850 1788 petita.
863 1748 969 1789 Quid?
983 1748 1071 1789 quod
1081 1748 1158 1777 adeo
1168 1748 1322 1787 loquendi

744 1805 811 1824 nuos
834 1795 986 1832 invaluit,
1012 1801 1049 1824 ut
1073 1796 1165 1824 etiam
1190 1794 1319 1834 populi,

743 1843 798 1881 qui
819 1842 972 1878 justitiam
995 1841 1093 1878 colit,
1120 1842 1182 1869 vita
1209 1840 1317 1870 eodem

740 1887 836 1916 modo
867 1887 1070 1917 redhibeatur
1097 1887 1137 1916 ab
1163 1887 1319 1919 Hesiodo,

742 1936 802 1972 Op.
831 1935 894 1963 232
921 1945 965 1973 sq.
994 1933 1071 1963 236.
1099 1934 1176 1971 237.
1201 1933 1263 1963 Ad.
1288 1945 1317 1963 v.

744 1980 906 2016 38—40.
936 1980 1031 2010 Nulla
1056 1989 1151 2019 opera
1177 1979 1315 2010 humana

740 2024 895 2066 indigebit
926 2038 1006 2068 ager.
1042 2026 1081 2056 cf.
1110 2027 1198 2056 Arat.
1229 2026 1316 2056 Pha·-

740 2082 825 2102 110111.
847 2084 859 2102 1
870 2084 924 2109 10,
947 2084 959 2102 1·
970 2085 983 2103 1
994 2085 1021 2104 1.
1037 2073 1146 2102 Genus
1160 2084 1264 2113 operae
1283 2076 1317 2103 in

740 2121 856 2148 ritium
872 2131 947 2150 cura
962 2128 1008 2150 est
1023 2121 1208 2160 amputatio,
1226 2132 1255 2150 v.
1278 2120 1314 2149 ad

725 2168 773 2203 .1‚
804 2166 856 2204 57.
886 2168 932 2204 ΙΙ,
961 2177 1014 2205 70.
1034 2168 1186 2206 Respexit
1210 2174 1313 2196 autem

741 2219 848 2242 noster
863 2213 1023 2243 Catullum
1037 2215 1156 2244 LXIII.
1179 2215 1219 2252 39
1234 2224 1312 2253 sqq.,
