<?xml version="1.0" encoding="UTF-8"?>
<!DOCTYPE html PUBLIC "-//W3C//DTD XHTML 1.0 Transitional//EN"
    "http://www.w3.org/TR/xhtml1/DTD/xhtml1-transitional.dtd">
<html xmlns="http://www.w3.org/1999/xhtml" xml:lang="en" lang="en">
 <head>
  <title>
</title>
<meta http-equiv="Content-Type" content="text/html;charset=utf-8" />
  <meta name='ocr-system' content='tesseract 3.04.00' />
  <meta name='ocr-capabilities' content='ocr_page ocr_carea ocr_par ocr_line ocrx_word'/>
</head>
<body>
  <div class='ocr_page' id='page_1' title='image "./operahey01virguoft_0257.png"; bbox 0 0 1408 2428; ppageno 0'>
   <div class='ocr_carea' id='block_1_1' title="bbox 599 54 783 86">
    <p class='ocr_par' dir='ltr' id='par_1_1' title="bbox 599 54 783 86">
     <span class='ocr_line' id='line_1_1' title="bbox 599 54 783 86; baseline -0.016 0"><span class='ocrx_word' id='word_1_1' title='bbox 599 56 718 86; x_wconf 81' lang='lat' dir='ltr'>LIBER</span> <span class='ocrx_word' id='word_1_2' title='bbox 744 54 783 84; x_wconf 88' lang='lat'>11.</span> 
     </span>
    </p>
   </div>
   <div class='ocr_carea' id='block_1_2' title="bbox 1221 47 1283 75">
    <p class='ocr_par' dir='ltr' id='par_1_2' title="bbox 1221 47 1283 75">
     <span class='ocr_line' id='line_1_2' title="bbox 1221 47 1283 75; baseline 0 0"><span class='ocrx_word' id='word_1_3' title='bbox 1221 47 1283 75; x_wconf 77' lang='lat'>223</span> 
     </span>
    </p>
   </div>
   <div class='ocr_carea' id='block_1_3' title="bbox 101 108 1288 520">
    <p class='ocr_par' dir='ltr' id='par_1_3' title="bbox 101 108 1285 161">
     <span class='ocr_line' id='line_1_3' title="bbox 101 108 1285 161; baseline -0.012 -9"><span class='ocrx_word' id='word_1_4' title='bbox 101 118 179 152; x_wconf 89' lang='lat' dir='ltr'>Hos</span> <span class='ocrx_word' id='word_1_5' title='bbox 194 124 327 151; x_wconf 86' lang='lat' dir='ltr'>natura</span> <span class='ocrx_word' id='word_1_6' title='bbox 344 113 474 149; x_wconf 86' lang='lat' dir='ltr'>modos</span> <span class='ocrx_word' id='word_1_7' title='bbox 492 113 654 161; x_wconf 86' lang='lat' dir='ltr'>primum</span> <span class='ocrx_word' id='word_1_8' title='bbox 676 110 796 155; x_wconf 81' lang='lat' dir='ltr'>dedit3</span> <span class='ocrx_word' id='word_1_9' title='bbox 815 108 873 144; x_wconf 79' lang='lat' dir='ltr'>his</span> <span class='ocrx_word' id='word_1_10' title='bbox 891 118 1006 156; x_wconf 80' lang='lat' dir='ltr'>genus</span> <span class='ocrx_word' id='word_1_11' title='bbox 1024 117 1132 141; x_wconf 82' lang='lat' dir='ltr'>omne</span> <span class='ocrx_word' id='word_1_12' title='bbox 1256 117 1285 132; x_wconf 81' lang='lat'>³0</span> 
     </span>
    </p>

    <p class='ocr_par' dir='ltr' id='par_1_4' title="bbox 103 172 1182 281">
     <span class='ocr_line' id='line_1_4' title="bbox 103 172 1182 220; baseline -0.011 -10"><span class='ocrx_word' id='word_1_13' title='bbox 103 174 290 210; x_wconf 85' lang='lat' dir='ltr'>Silvarum</span> <span class='ocrx_word' id='word_1_14' title='bbox 310 174 559 220; x_wconf 77' lang='lat' dir='ltr'>fruticumque</span> <span class='ocrx_word' id='word_1_15' title='bbox 576 172 673 206; x_wconf 79' lang='lat' dir='ltr'>viret</span> <span class='ocrx_word' id='word_1_16' title='bbox 691 179 961 215; x_wconf 78' lang='lat' dir='ltr'>nemorumque</span> <span class='ocrx_word' id='word_1_17' title='bbox 980 176 1182 202; x_wconf 85' lang='lat' dir='ltr'>sacrorum.</span> 
     </span>
     <span class='ocr_line' id='line_1_5' title="bbox 157 227 1028 281; baseline -0.01 -12"><span class='ocrx_word' id='word_1_18' title='bbox 157 235 250 269; x_wconf 89' lang='lat' dir='ltr'>Sunt</span> <span class='ocrx_word' id='word_1_19' title='bbox 268 233 346 277; x_wconf 81' lang='lat' dir='ltr'>alii,</span> <span class='ocrx_word' id='word_1_20' title='bbox 365 244 458 281; x_wconf 86' lang='lat' dir='ltr'>quos</span> <span class='ocrx_word' id='word_1_21' title='bbox 475 232 554 280; x_wconf 79' lang='lat' dir='ltr'>ipse</span> <span class='ocrx_word' id='word_1_22' title='bbox 571 230 632 266; x_wconf 66' lang='lat' dir='ltr'>via</span> <span class='ocrx_word' id='word_1_23' title='bbox 652 229 723 265; x_wconf 87' lang='lat' dir='ltr'>sibi</span> <span class='ocrx_word' id='word_1_24' title='bbox 744 227 908 276; x_wconf 89' lang='lat' dir='ltr'>repperit</span> <span class='ocrx_word' id='word_1_25' title='bbox 926 239 1028 261; x_wconf 82' lang='lat' dir='ltr'>usus.</span> 
     </span>
    </p>

    <p class='ocr_par' dir='ltr' id='par_1_5' title="bbox 104 289 1114 342">
     <span class='ocr_line' id='line_1_6' title="bbox 104 289 1114 342; baseline -0.011 -12"><span class='ocrx_word' id='word_1_26' title='bbox 104 294 175 330; x_wconf 89' lang='lat' dir='ltr'>Hic</span> <span class='ocrx_word' id='word_1_27' title='bbox 192 293 334 342; x_wconf 83' lang='lat' dir='ltr'>plantas</span> <span class='ocrx_word' id='word_1_28' title='bbox 354 302 481 328; x_wconf 87' lang='lat' dir='ltr'>tenero</span> <span class='ocrx_word' id='word_1_29' title='bbox 500 289 694 327; x_wconf 86' lang='lat' dir='ltr'>abscidens</span> <span class='ocrx_word' id='word_1_30' title='bbox 713 289 758 324; x_wconf 89' lang='lat' dir='ltr'>de</span> <span class='ocrx_word' id='word_1_31' title='bbox 777 298 934 335; x_wconf 85' lang='lat' dir='ltr'>corpore</span> <span class='ocrx_word' id='word_1_32' title='bbox 953 294 1114 321; x_wconf 80' lang='lat' dir='ltr'>matrum</span> 
     </span>
    </p>

    <p class='ocr_par' dir='ltr' id='par_1_6' title="bbox 105 349 937 402">
     <span class='ocr_line' id='line_1_7' title="bbox 105 349 937 402; baseline -0.01 -13"><span class='ocrx_word' id='word_1_33' title='bbox 105 354 287 402; x_wconf 78' lang='lat' dir='ltr'>Deposuit</span> <span class='ocrx_word' id='word_1_34' title='bbox 307 353 434 397; x_wconf 72' lang='lat' dir='ltr'>sulci53</span> <span class='ocrx_word' id='word_1_35' title='bbox 452 352 513 387; x_wconf 87' lang='lat' dir='ltr'>hie</span> <span class='ocrx_word' id='word_1_36' title='bbox 529 352 662 399; x_wconf 75' lang='lat' dir='ltr'>stirpes</span> <span class='ocrx_word' id='word_1_37' title='bbox 684 349 812 385; x_wconf 89' lang='lat' dir='ltr'>obruit</span> <span class='ocrx_word' id='word_1_38' title='bbox 829 358 937 391; x_wconf 83' lang='lat' dir='ltr'>arvo,</span> 
     </span>
    </p>

    <p class='ocr_par' dir='ltr' id='par_1_7' title="bbox 107 405 1288 460">
     <span class='ocr_line' id='line_1_8' title="bbox 107 405 1288 460; baseline -0.01 -12"><span class='ocrx_word' id='word_1_39' title='bbox 107 411 418 460; x_wconf 83' lang='lat' dir='ltr'>Quadrifidasque</span> <span class='ocrx_word' id='word_1_40' title='bbox 436 410 545 447; x_wconf 85' lang='lat' dir='ltr'>sudes</span> <span class='ocrx_word' id='word_1_41' title='bbox 563 420 597 446; x_wconf 87' lang='lat' dir='ltr'>et</span> <span class='ocrx_word' id='word_1_42' title='bbox 617 418 726 445; x_wconf 85' lang='lat' dir='ltr'>acuto</span> <span class='ocrx_word' id='word_1_43' title='bbox 744 408 882 444; x_wconf 80' lang='lat' dir='ltr'><strong>robore</strong></span> <span class='ocrx_word' id='word_1_44' title='bbox 898 405 1033 448; x_wconf 79' lang='lat' dir='ltr'>vallos;</span> <span class='ocrx_word' id='word_1_45' title='bbox 1261 410 1288 431; x_wconf 78' lang='lat'>2⁵</span> 
     </span>
    </p>

    <p class='ocr_par' dir='ltr' id='par_1_8' title="bbox 108 467 990 520">
     <span class='ocr_line' id='line_1_9' title="bbox 108 467 990 520; baseline -0.009 -13"><span class='ocrx_word' id='word_1_46' title='bbox 108 471 368 520; x_wconf 69' lang='lat' dir='ltr'>Silvarumque</span> <span class='ocrx_word' id='word_1_47' title='bbox 387 472 466 507; x_wconf 80' lang='lat' dir='ltr'>aliae</span> <span class='ocrx_word' id='word_1_48' title='bbox 484 482 630 519; x_wconf 79' lang='lat' dir='ltr'>pressos</span> <span class='ocrx_word' id='word_1_49' title='bbox 650 467 865 518; x_wconf 78' lang='lat' dir='ltr'>propaginis</span> <span class='ocrx_word' id='word_1_50' title='bbox 884 477 990 501; x_wconf 86' lang='lat' dir='ltr'>arcus</span> 
     </span>
    </p>
   </div>
   <div class='ocr_carea' id='block_1_4' title="bbox 106 609 696 2207">
    <p class='ocr_par' dir='ltr' id='par_1_9' title="bbox 106 609 669 780">
     <span class='ocr_line' id='line_1_10' title="bbox 107 609 665 654; baseline -0.007 -12"><span class='ocrx_word' id='word_1_51' title='bbox 107 609 266 654; x_wconf 66' lang='grc' dir='ltr'>ρασπάδος</span> <span class='ocrx_word' id='word_1_52' title='bbox 282 634 289 647; x_wconf 97' lang='grc'><strong>,</strong></span> <span class='ocrx_word' id='word_1_53' title='bbox 324 611 426 640; x_wconf 81' lang='lat' dir='ltr'>radice</span> <span class='ocrx_word' id='word_1_54' title='bbox 463 609 561 639; x_wconf 77' lang='lat' dir='ltr'>infixa</span> <span class='ocrx_word' id='word_1_55' title='bbox 588 610 665 645; x_wconf 89' lang='lat' dir='ltr'>solo,</span> 
     </span>
     <span class='ocr_line' id='line_1_11' title="bbox 106 656 668 698; baseline -0.007 -11"><span class='ocrx_word' id='word_1_56' title='bbox 106 660 290 698; x_wconf 84' lang='lat' dir='ltr'>gignuntur,</span> <span class='ocrx_word' id='word_1_57' title='bbox 310 664 346 686; x_wconf 87' lang='lat' dir='ltr'>ut</span> <span class='ocrx_word' id='word_1_58' title='bbox 368 667 499 692; x_wconf 86' lang='lat' dir='ltr'>cerasus,</span> <span class='ocrx_word' id='word_1_59' title='bbox 518 656 622 684; x_wconf 82' lang='lat' dir='ltr'>ulmus</span> <span class='ocrx_word' id='word_1_60' title='bbox 638 662 668 684; x_wconf 88' lang='lat' dir='ltr'>et</span> 
     </span>
     <span class='ocr_line' id='line_1_12' title="bbox 107 701 669 740; baseline -0.007 -7"><span class='ocrx_word' id='word_1_61' title='bbox 107 704 279 734; x_wconf 84' lang='lat' dir='ltr'>laurus.—-</span> <span class='ocrx_word' id='word_1_62' title='bbox 290 714 343 740; x_wconf 85' lang='lat'>20,</span> <span class='ocrx_word' id='word_1_63' title='bbox 361 714 377 732; x_wconf 90' lang='lat'><strong>2</strong></span> <span class='ocrx_word' id='word_1_64' title='bbox 388 713 413 732; x_wconf 90' lang='grc'>1.</span> <span class='ocrx_word' id='word_1_65' title='bbox 434 703 476 731; x_wconf 89' lang='lat' dir='ltr'>Hi</span> <span class='ocrx_word' id='word_1_66' title='bbox 496 708 569 731; x_wconf 85' lang='lat' dir='ltr'>suut</span> <span class='ocrx_word' id='word_1_67' title='bbox 584 701 669 731; x_wconf 86' lang='lat' dir='ltr'>modi</span> 
     </span>
     <span class='ocr_line' id='line_1_13' title="bbox 109 751 274 780; baseline 0.012 -2"><span class='ocrx_word' id='word_1_68' title='bbox 109 751 274 780; x_wconf 79' lang='lat' dir='ltr'>naturales,</span> 
     </span>
    </p>

    <p class='ocr_par' dir='ltr' id='par_1_10' title="bbox 111 793 696 2207">
     <span class='ocr_line' id='line_1_14' title="bbox 158 793 671 826; baseline -0.004 -2"><span class='ocrx_word' id='word_1_69' title='bbox 158 807 211 826; x_wconf 84' lang='lat'>22.</span> <span class='ocrx_word' id='word_1_70' title='bbox 236 796 352 826; x_wconf 69' lang='lat' dir='ltr'>Medic.</span> <span class='ocrx_word' id='word_1_71' title='bbox 372 805 388 824; x_wconf 90' lang='lat' dir='ltr'>a</span> <span class='ocrx_word' id='word_1_72' title='bbox 409 805 489 824; x_wconf 86' lang='lat' dir='ltr'>man.</span> <span class='ocrx_word' id='word_1_73' title='bbox 516 804 577 823; x_wconf 85' lang='lat' dir='ltr'>sec.</span> <span class='ocrx_word' id='word_1_74' title='bbox 597 793 671 822; x_wconf 65' lang='lat' dir='ltr'>alise</span> 
     </span>
     <span class='ocr_line' id='line_1_15' title="bbox 111 839 670 882; baseline -0.007 -11"><span class='ocrx_word' id='word_1_75' title='bbox 111 852 199 882; x_wconf 77' lang='lat' dir='ltr'>quas.</span> <span class='ocrx_word' id='word_1_76' title='bbox 214 844 259 871; x_wconf 87' lang='lat' dir='ltr'>Eo</span> <span class='ocrx_word' id='word_1_77' title='bbox 275 840 374 871; x_wconf 83' lang='lat' dir='ltr'>tendit</span> <span class='ocrx_word' id='word_1_78' title='bbox 391 839 566 869; x_wconf 80' lang='lat' dir='ltr'>emendatio</span> <span class='ocrx_word' id='word_1_79' title='bbox 576 839 670 869; x_wconf 75' lang='lat' dir='ltr'>Scali-</span> 
     </span>
     <span class='ocr_line' id='line_1_16' title="bbox 112 884 673 928; baseline -0.009 -11"><span class='ocrx_word' id='word_1_80' title='bbox 112 889 192 928; x_wconf 86' lang='lat' dir='ltr'>geri:</span> <span class='ocrx_word' id='word_1_81' title='bbox 205 887 376 922; x_wconf 74' lang='lat' dir='ltr'>Stincalioe,</span> <span class='ocrx_word' id='word_1_82' title='bbox 387 897 466 926; x_wconf 81' lang='lat' dir='ltr'>quas</span> <span class='ocrx_word' id='word_1_83' title='bbox 479 885 543 924; x_wconf 79' lang='lat' dir='ltr'>ipse</span> <span class='ocrx_word' id='word_1_84' title='bbox 554 885 626 913; x_wconf 76' lang='lat' dir='ltr'>vias</span> <span class='ocrx_word' id='word_1_85' title='bbox 636 884 673 912; x_wconf 86' lang='lat' dir='ltr'>si-</span> 
     </span>
     <span class='ocr_line' id='line_1_17' title="bbox 113 932 673 972; baseline -0.007 -10"><span class='ocrx_word' id='word_1_86' title='bbox 113 933 146 962; x_wconf 81' lang='lat' dir='ltr'>bi</span> <span class='ocrx_word' id='word_1_87' title='bbox 156 933 291 972; x_wconf 76' lang='lat' dir='ltr'>repperit</span> <span class='ocrx_word' id='word_1_88' title='bbox 302 943 392 967; x_wconf 79' lang='lat' dir='ltr'>usus;</span> <span class='ocrx_word' id='word_1_89' title='bbox 409 938 439 960; x_wconf 92' lang='lat' dir='ltr'>et</span> <span class='ocrx_word' id='word_1_90' title='bbox 458 932 564 961; x_wconf 84' lang='lat' dir='ltr'>Heius.</span> <span class='ocrx_word' id='word_1_91' title='bbox 581 932 673 959; x_wconf 74' lang='lat' dir='ltr'>etiam</span> 
     </span>
     <span class='ocr_line' id='line_1_18' title="bbox 115 975 674 1020; baseline -0.009 -12"><span class='ocrx_word' id='word_1_92' title='bbox 115 980 254 1020; x_wconf 80' lang='lat' dir='ltr'>argutius</span> <span class='ocrx_word' id='word_1_93' title='bbox 278 989 285 1009; x_wconf 92' lang='lat'><strong>:</strong></span> <span class='ocrx_word' id='word_1_94' title='bbox 312 980 392 1007; x_wconf 80' lang='lat' dir='ltr'>Sunt</span> <span class='ocrx_word' id='word_1_95' title='bbox 415 977 490 1006; x_wconf 77' lang='lat' dir='ltr'>aliae</span> <span class='ocrx_word' id='word_1_96' title='bbox 513 986 591 1015; x_wconf 81' lang='lat' dir='ltr'>quas</span> <span class='ocrx_word' id='word_1_97' title='bbox 610 975 674 1015; x_wconf 78' lang='lat' dir='ltr'>ipse</span> 
     </span>
     <span class='ocr_line' id='line_1_19' title="bbox 117 1022 675 1058; baseline -0.009 -4"><span class='ocrx_word' id='word_1_98' title='bbox 117 1024 181 1054; x_wconf 73' lang='lat' dir='ltr'>vice</span> <span class='ocrx_word' id='word_1_99' title='bbox 200 1032 258 1054; x_wconf 88' lang='lat' dir='ltr'>etc.</span> <span class='ocrx_word' id='word_1_100' title='bbox 287 1025 338 1053; x_wconf 78' lang='lat' dir='ltr'>alii</span> <span class='ocrx_word' id='word_1_101' title='bbox 361 1024 463 1058; x_wconf 80' lang='lat' dir='ltr'>aliter3</span> <span class='ocrx_word' id='word_1_102' title='bbox 486 1022 540 1051; x_wconf 89' lang='lat' dir='ltr'>sed</span> <span class='ocrx_word' id='word_1_103' title='bbox 562 1022 675 1050; x_wconf 86' lang='lat' dir='ltr'>frustra</span> 
     </span>
     <span class='ocr_line' id='line_1_20' title="bbox 117 1068 677 1108; baseline -0.007 -8"><span class='ocrx_word' id='word_1_104' title='bbox 117 1081 234 1101; x_wconf 86' lang='lat' dir='ltr'>omnes.</span> <span class='ocrx_word' id='word_1_105' title='bbox 245 1087 291 1092; x_wconf 78' lang='lat'>——</span> <span class='ocrx_word' id='word_1_106' title='bbox 304 1071 357 1099; x_wconf 81' lang='lat'>23.</span> <span class='ocrx_word' id='word_1_107' title='bbox 378 1068 438 1098; x_wconf 80' lang='lat' dir='ltr'>Hic</span> <span class='ocrx_word' id='word_1_108' title='bbox 446 1068 579 1108; x_wconf 79' lang='lat' dir='ltr'>plantas</span> <span class='ocrx_word' id='word_1_109' title='bbox 591 1076 677 1096; x_wconf 82' lang='lat' dir='ltr'>tene-</span> 
     </span>
     <span class='ocr_line' id='line_1_21' title="bbox 118 1116 678 1154; baseline -0.009 -8"><span class='ocrx_word' id='word_1_110' title='bbox 118 1127 169 1146; x_wconf 81' lang='lat' dir='ltr'>ras</span> <span class='ocrx_word' id='word_1_111' title='bbox 188 1116 374 1146; x_wconf 78' lang='lat' dir='ltr'>abscindens</span> <span class='ocrx_word' id='word_1_112' title='bbox 395 1125 522 1154; x_wconf 82' lang='lat' dir='ltr'>corpore</span> <span class='ocrx_word' id='word_1_113' title='bbox 544 1120 678 1142; x_wconf 83' lang='lat' dir='ltr'>matrum</span> 
     </span>
     <span class='ocr_line' id='line_1_22' title="bbox 119 1159 680 1193; baseline -0.009 -1"><span class='ocrx_word' id='word_1_114' title='bbox 119 1169 178 1193; x_wconf 89' lang='lat' dir='ltr'>etc.</span> <span class='ocrx_word' id='word_1_115' title='bbox 206 1173 289 1192; x_wconf 87' lang='lat' dir='ltr'>unus</span> <span class='ocrx_word' id='word_1_116' title='bbox 322 1160 476 1191; x_wconf 87' lang='lat' dir='ltr'>Arundel.</span> <span class='ocrx_word' id='word_1_117' title='bbox 515 1159 680 1189; x_wconf 71' lang='lat' dir='ltr'>abscidens</span> 
     </span>
     <span class='ocr_line' id='line_1_23' title="bbox 120 1206 683 1248; baseline -0.009 -10"><span class='ocrx_word' id='word_1_118' title='bbox 120 1209 267 1238; x_wconf 87' lang='lat' dir='ltr'>Heinsius</span> <span class='ocrx_word' id='word_1_119' title='bbox 285 1208 423 1248; x_wconf 75' lang='lat' dir='ltr'>reposuit</span> <span class='ocrx_word' id='word_1_120' title='bbox 446 1206 538 1236; x_wconf 88' lang='lat' dir='ltr'>codd.</span> <span class='ocrx_word' id='word_1_121' title='bbox 562 1206 683 1244; x_wconf 85' lang='lat' dir='ltr'>aliquot</span> 
     </span>
     <span class='ocr_line' id='line_1_24' title="bbox 121 1250 683 1291; baseline -0.009 -7"><span class='ocrx_word' id='word_1_122' title='bbox 121 1255 316 1284; x_wconf 86' lang='lat' dir='ltr'>auctoritate.</span> <span class='ocrx_word' id='word_1_123' title='bbox 325 1253 523 1283; x_wconf 82' lang='lat' dir='ltr'>Abscindens</span> <span class='ocrx_word' id='word_1_124' title='bbox 535 1252 618 1291; x_wconf 77' lang='lat' dir='ltr'>vulg.</span> <span class='ocrx_word' id='word_1_125' title='bbox 630 1250 683 1280; x_wconf 83' lang='lat' dir='ltr'>sed</span> 
     </span>
     <span class='ocr_line' id='line_1_25' title="bbox 123 1298 682 1333; baseline -0.009 -3"><span class='ocrx_word' id='word_1_126' title='bbox 123 1300 202 1330; x_wconf 83' lang='lat' dir='ltr'>nihil</span> <span class='ocrx_word' id='word_1_127' title='bbox 227 1311 267 1330; x_wconf 85' lang='lat' dir='ltr'>ex</span> <span class='ocrx_word' id='word_1_128' title='bbox 289 1300 348 1329; x_wconf 86' lang='grc'><strong>1130</strong></span> <span class='ocrx_word' id='word_1_129' title='bbox 373 1300 521 1328; x_wconf 67' lang='lat' dir='ltr'>‘varietate</span> <span class='ocrx_word' id='word_1_130' title='bbox 550 1298 682 1333; x_wconf 82' lang='lat' dir='ltr'>inferas,</span> 
     </span>
     <span class='ocr_line' id='line_1_26' title="bbox 123 1342 684 1386; baseline -0.007 -11"><span class='ocrx_word' id='word_1_131' title='bbox 123 1357 196 1375; x_wconf 88' lang='lat' dir='ltr'>eum</span> <span class='ocrx_word' id='word_1_132' title='bbox 217 1352 368 1386; x_wconf 89' lang='lat' dir='ltr'>perpetua</span> <span class='ocrx_word' id='word_1_133' title='bbox 391 1346 454 1374; x_wconf 83' lang='lat' dir='ltr'>siut</span> <span class='ocrx_word' id='word_1_134' title='bbox 481 1342 684 1373; x_wconf 81' lang='lat' dir='ltr'>librariorum</span> 
     </span>
     <span class='ocr_line' id='line_1_27' title="bbox 123 1388 686 1426; baseline -0.011 -5"><span class='ocrx_word' id='word_1_135' title='bbox 123 1392 260 1421; x_wconf 65' lang='lat' dir='ltr'>ludibria</span> <span class='ocrx_word' id='word_1_136' title='bbox 288 1393 323 1420; x_wconf 85' lang='lat' dir='ltr'>in</span> <span class='ocrx_word' id='word_1_137' title='bbox 352 1390 506 1426; x_wconf 78' lang='lat' dir='ltr'>abscisus,</span> <span class='ocrx_word' id='word_1_138' title='bbox 535 1388 686 1417; x_wconf 75' lang='lat' dir='ltr'>abscissus</span> 
     </span>
     <span class='ocr_line' id='line_1_28' title="bbox 124 1434 688 1470; baseline -0.007 -4"><span class='ocrx_word' id='word_1_139' title='bbox 124 1444 155 1467; x_wconf 88' lang='lat' dir='ltr'>et</span> <span class='ocrx_word' id='word_1_140' title='bbox 162 1437 374 1466; x_wconf 77' lang='lat' dir='ltr'>similibus.—</span> <span class='ocrx_word' id='word_1_141' title='bbox 384 1436 528 1470; x_wconf 69' lang='lat'>22-34.</span> <span class='ocrx_word' id='word_1_142' title='bbox 540 1436 619 1464; x_wconf 86' lang='lat' dir='ltr'>Sunt</span> <span class='ocrx_word' id='word_1_143' title='bbox 635 1434 688 1462; x_wconf 81' lang='lat' dir='ltr'>alii</span> 
     </span>
     <span class='ocr_line' id='line_1_29' title="bbox 125 1480 690 1512; baseline -0.011 1"><span class='ocrx_word' id='word_1_144' title='bbox 125 1483 213 1512; x_wconf 85' lang='lat' dir='ltr'>modi</span> <span class='ocrx_word' id='word_1_145' title='bbox 231 1483 380 1512; x_wconf 85' lang='lat' dir='ltr'>arborum</span> <span class='ocrx_word' id='word_1_146' title='bbox 397 1480 600 1510; x_wconf 86' lang='lat' dir='ltr'>creandarum</span> <span class='ocrx_word' id='word_1_147' title='bbox 618 1480 690 1508; x_wconf 85' lang='lat' dir='ltr'>arti-</span> 
     </span>
     <span class='ocr_line' id='line_1_30' title="bbox 126 1525 690 1567; baseline -0.007 -9"><span class='ocrx_word' id='word_1_148' title='bbox 126 1528 259 1565; x_wconf 88' lang='lat' dir='ltr'>ficiales,</span> <span class='ocrx_word' id='word_1_149' title='bbox 276 1528 308 1558; x_wconf 90' lang='lat' dir='ltr'>h.</span> <span class='ocrx_word' id='word_1_150' title='bbox 324 1538 404 1567; x_wconf 85' lang='lat' dir='ltr'>quos</span> <span class='ocrx_word' id='word_1_151' title='bbox 418 1537 492 1556; x_wconf 87' lang='lat' dir='ltr'>usus</span> <span class='ocrx_word' id='word_1_152' title='bbox 500 1527 566 1566; x_wconf 87' lang='lat' dir='ltr'>ipse</span> <span class='ocrx_word' id='word_1_153' title='bbox 574 1525 635 1554; x_wconf 90' lang='lat' dir='ltr'>sibi</span> <span class='ocrx_word' id='word_1_154' title='bbox 644 1535 690 1554; x_wconf 87' lang='lat' dir='ltr'>re·</span> 
     </span>
     <span class='ocr_line' id='line_1_31' title="bbox 126 1572 689 1615; baseline -0.009 -11"><span class='ocrx_word' id='word_1_155' title='bbox 126 1576 224 1615; x_wconf 85' lang='lat' dir='ltr'>perit,</span> <span class='ocrx_word' id='word_1_156' title='bbox 240 1574 318 1610; x_wconf 78' lang='lat' dir='ltr'>via,</span> <span class='ocrx_word' id='word_1_157' title='bbox 340 1573 374 1603; x_wconf 90' lang='lat' dir='ltr'>id</span> <span class='ocrx_word' id='word_1_158' title='bbox 389 1579 434 1602; x_wconf 82' lang='lat' dir='ltr'>est</span> <span class='ocrx_word' id='word_1_159' title='bbox 448 1579 530 1607; x_wconf 85' lang='lat' dir='ltr'>arte,</span> <span class='ocrx_word' id='word_1_160' title='bbox 551 1572 670 1600; x_wconf 85' lang='lat' dir='ltr'>ratione</span> <span class='ocrx_word' id='word_1_161' title='bbox 681 1593 689 1607; x_wconf 97' lang='lat'>,</span> 
     </span>
     <span class='ocr_line' id='line_1_32' title="bbox 127 1619 690 1659; baseline -0.009 -9"><span class='ocrx_word' id='word_1_162' title='bbox 127 1621 282 1650; x_wconf 83' lang='lat' dir='ltr'>industria</span> <span class='ocrx_word' id='word_1_163' title='bbox 300 1627 332 1649; x_wconf 89' lang='lat' dir='ltr'>et</span> <span class='ocrx_word' id='word_1_164' title='bbox 347 1619 553 1659; x_wconf 76' lang='lat' dir='ltr'>experientia,</span> <span class='ocrx_word' id='word_1_165' title='bbox 567 1623 604 1646; x_wconf 88' lang='lat' dir='ltr'>ut</span> <span class='ocrx_word' id='word_1_166' title='bbox 617 1627 690 1646; x_wconf 89' lang='lat' dir='ltr'>cen-</span> 
     </span>
     <span class='ocr_line' id='line_1_33' title="bbox 130 1663 689 1706; baseline -0.009 -10"><span class='ocrx_word' id='word_1_167' title='bbox 130 1668 184 1696; x_wconf 86' lang='lat' dir='ltr'>ties</span> <span class='ocrx_word' id='word_1_168' title='bbox 208 1666 266 1696; x_wconf 76' lang='lat' dir='ltr'>via</span> <span class='ocrx_word' id='word_1_169' title='bbox 285 1665 371 1706; x_wconf 86' lang='lat' dir='ltr'>apud</span> <span class='ocrx_word' id='word_1_170' title='bbox 389 1671 532 1694; x_wconf 86' lang='lat' dir='ltr'>nostrum</span> <span class='ocrx_word' id='word_1_171' title='bbox 549 1670 579 1691; x_wconf 78' lang='lat' dir='ltr'>et</span> <span class='ocrx_word' id='word_1_172' title='bbox 603 1663 689 1692; x_wconf 88' lang='lat' dir='ltr'>alios.</span> 
     </span>
     <span class='ocr_line' id='line_1_34' title="bbox 131 1709 693 1748; baseline -0.012 -5"><span class='ocrx_word' id='word_1_173' title='bbox 131 1712 254 1743; x_wconf 86' lang='lat' dir='ltr'>Colum.</span> <span class='ocrx_word' id='word_1_174' title='bbox 268 1715 300 1742; x_wconf 85' lang='lat' dir='ltr'>X</span> <span class='ocrx_word' id='word_1_175' title='bbox 318 1711 399 1746; x_wconf 89' lang='grc'><strong>338,</strong></span> <span class='ocrx_word' id='word_1_176' title='bbox 419 1709 529 1739; x_wconf 70' lang='lat' dir='ltr'>salutis</span> <span class='ocrx_word' id='word_1_177' title='bbox 543 1711 619 1748; x_wconf 82' lang='lat' dir='ltr'>Ipsa</span> <span class='ocrx_word' id='word_1_178' title='bbox 639 1719 693 1737; x_wconf 92' lang='lat' dir='ltr'>no-</span> 
     </span>
     <span class='ocr_line' id='line_1_35' title="bbox 130 1754 694 1796; baseline -0.007 -9"><span class='ocrx_word' id='word_1_179' title='bbox 130 1769 183 1787; x_wconf 76' lang='lat' dir='ltr'>vas</span> <span class='ocrx_word' id='word_1_180' title='bbox 208 1765 291 1787; x_wconf 80' lang='lat' dir='ltr'>artes</span> <span class='ocrx_word' id='word_1_181' title='bbox 310 1756 407 1787; x_wconf 85' lang='lat' dir='ltr'>varia</span> <span class='ocrx_word' id='word_1_182' title='bbox 431 1754 626 1796; x_wconf 66' lang='lat' dir='ltr'>eoeperiencia</span> <span class='ocrx_word' id='word_1_183' title='bbox 650 1765 694 1784; x_wconf 85' lang='lat' dir='ltr'>re-</span> 
     </span>
     <span class='ocr_line' id='line_1_36' title="bbox 132 1799 695 1833; baseline -0.007 0"><span class='ocrx_word' id='word_1_184' title='bbox 132 1815 198 1833; x_wconf 83' lang='lat' dir='ltr'>rum</span> <span class='ocrx_word' id='word_1_185' title='bbox 230 1805 274 1833; x_wconf 79' lang='lat' dir='ltr'>Ec</span> <span class='ocrx_word' id='word_1_186' title='bbox 300 1803 391 1833; x_wconf 86' lang='lat' dir='ltr'>labor</span> <span class='ocrx_word' id='word_1_187' title='bbox 413 1801 550 1831; x_wconf 74' lang='lat' dir='ltr'>ostendit</span> <span class='ocrx_word' id='word_1_188' title='bbox 576 1799 695 1829; x_wconf 81' lang='lat' dir='ltr'>miseris</span> 
     </span>
     <span class='ocr_line' id='line_1_37' title="bbox 132 1846 693 1890; baseline -0.009 -11"><span class='ocrx_word' id='word_1_189' title='bbox 132 1860 263 1890; x_wconf 81' lang='lat' dir='ltr'>ususque</span> <span class='ocrx_word' id='word_1_190' title='bbox 278 1849 430 1890; x_wconf 79' lang='lat' dir='ltr'>magister</span> <span class='ocrx_word' id='word_1_191' title='bbox 449 1847 593 1877; x_wconf 80' lang='lat' dir='ltr'>Tradidit</span> <span class='ocrx_word' id='word_1_192' title='bbox 608 1846 693 1886; x_wconf 79' lang='lat' dir='ltr'>agri-</span> 
     </span>
     <span class='ocr_line' id='line_1_38' title="bbox 132 1893 692 1930; baseline -0.007 -5"><span class='ocrx_word' id='word_1_193' title='bbox 132 1895 219 1925; x_wconf 82' lang='lat' dir='ltr'>colis.</span> <span class='ocrx_word' id='word_1_194' title='bbox 240 1895 324 1925; x_wconf 86' lang='lat' dir='ltr'>conf.</span> <span class='ocrx_word' id='word_1_195' title='bbox 338 1895 395 1924; x_wconf 86' lang='lat' dir='ltr'>inf.</span> <span class='ocrx_word' id='word_1_196' title='bbox 413 1895 477 1930; x_wconf 84' lang='lat' dir='ltr'>IV,</span> <span class='ocrx_word' id='word_1_197' title='bbox 504 1894 588 1929; x_wconf 86' lang='lat'>315,</span> <span class='ocrx_word' id='word_1_198' title='bbox 608 1893 692 1928; x_wconf 83' lang='grc'><strong>316;</strong></span> 
     </span>
     <span class='ocr_line' id='line_1_39' title="bbox 133 1938 695 1980; baseline -0.007 -10"><span class='ocrx_word' id='word_1_199' title='bbox 133 1943 167 1978; x_wconf 89' lang='grc' dir='ltr'>Ι,</span> <span class='ocrx_word' id='word_1_200' title='bbox 196 1941 257 1970; x_wconf 87' lang='grc'>133</span> <span class='ocrx_word' id='word_1_201' title='bbox 273 1963 281 1977; x_wconf 89' lang='grc'><strong>,</strong></span> <span class='ocrx_word' id='word_1_202' title='bbox 313 1947 343 1970; x_wconf 89' lang='lat' dir='ltr'>et</span> <span class='ocrx_word' id='word_1_203' title='bbox 367 1940 534 1980; x_wconf 70' lang='lat' dir='ltr'>praeclarus</span> <span class='ocrx_word' id='word_1_204' title='bbox 558 1938 695 1968; x_wconf 84' lang='lat' dir='ltr'>Lucretii</span> 
     </span>
     <span class='ocr_line' id='line_1_40' title="bbox 132 1983 694 2026; baseline -0.005 -10"><span class='ocrx_word' id='word_1_205' title='bbox 132 1987 224 2017; x_wconf 86' lang='lat' dir='ltr'>locus</span> <span class='ocrx_word' id='word_1_206' title='bbox 234 2009 242 2023; x_wconf 92' lang='lat'><strong>‚</strong></span> <span class='ocrx_word' id='word_1_207' title='bbox 265 1987 322 2026; x_wconf 83' lang='lat' dir='ltr'>qui</span> <span class='ocrx_word' id='word_1_208' title='bbox 334 1986 461 2015; x_wconf 87' lang='lat' dir='ltr'>Maroni</span> <span class='ocrx_word' id='word_1_209' title='bbox 475 1984 624 2024; x_wconf 72' lang='lat' dir='ltr'>praeluxit</span> <span class='ocrx_word' id='word_1_210' title='bbox 637 1983 694 2014; x_wconf 87' lang='lat' dir='ltr'>lib.</span> 
     </span>
     <span class='ocr_line' id='line_1_41' title="bbox 134 2033 696 2072; baseline -0.007 -10"><span class='ocrx_word' id='word_1_211' title='bbox 134 2035 175 2069; x_wconf 91' lang='lat' dir='ltr'>V,</span> <span class='ocrx_word' id='word_1_212' title='bbox 196 2033 281 2062; x_wconf 84' lang='lat'>1360</span> <span class='ocrx_word' id='word_1_213' title='bbox 309 2042 376 2072; x_wconf 87' lang='lat' dir='ltr'>sqq.</span> <span class='ocrx_word' id='word_1_214' title='bbox 403 2033 483 2061; x_wconf 87' lang='lat' dir='ltr'>Sunt</span> <span class='ocrx_word' id='word_1_215' title='bbox 505 2037 608 2059; x_wconf 84' lang='lat' dir='ltr'>autem</span> <span class='ocrx_word' id='word_1_216' title='bbox 631 2040 696 2059; x_wconf 90' lang='lat' dir='ltr'>mo-</span> 
     </span>
     <span class='ocr_line' id='line_1_42' title="bbox 137 2075 692 2116; baseline -0.007 -8"><span class='ocrx_word' id='word_1_217' title='bbox 137 2078 170 2107; x_wconf 83' lang='lat' dir='ltr'>di</span> <span class='ocrx_word' id='word_1_218' title='bbox 199 2078 234 2107; x_wconf 88' lang='lat' dir='ltr'>hi</span> <span class='ocrx_word' id='word_1_219' title='bbox 258 2087 266 2108; x_wconf 66' lang='grc'>3</span> <span class='ocrx_word' id='word_1_220' title='bbox 290 2077 470 2113; x_wconf 78' lang='lat' dir='ltr'>avulsione,</span> <span class='ocrx_word' id='word_1_221' title='bbox 503 2075 692 2116; x_wconf 69' lang='lat' dir='ltr'>insessione,</span> 
     </span>
     <span class='ocr_line' id='line_1_43' title="bbox 131 2120 696 2166; baseline -0.007 -12"><span class='ocrx_word' id='word_1_222' title='bbox 131 2124 367 2166; x_wconf 80' lang='lat' dir='ltr'>propagatione</span> <span class='ocrx_word' id='word_1_223' title='bbox 379 2145 388 2158; x_wconf 90' lang='lat'><strong><em>‚</em></strong></span> <span class='ocrx_word' id='word_1_224' title='bbox 423 2122 564 2159; x_wconf 78' lang='lat' dir='ltr'>sarculo,</span> <span class='ocrx_word' id='word_1_225' title='bbox 593 2120 696 2151; x_wconf 83' lang='lat' dir='ltr'>conci-</span> 
     </span>
     <span class='ocr_line' id='line_1_44' title="bbox 137 2167 696 2207; baseline -0.007 -7"><span class='ocrx_word' id='word_1_226' title='bbox 137 2170 243 2207; x_wconf 81' lang='lat' dir='ltr'>sione,</span> <span class='ocrx_word' id='word_1_227' title='bbox 262 2169 419 2200; x_wconf 71' lang='lat' dir='ltr'>insitione.</span> <span class='ocrx_word' id='word_1_228' title='bbox 438 2168 478 2199; x_wconf 83' lang='lat' dir='ltr'>cf.</span> <span class='ocrx_word' id='word_1_229' title='bbox 496 2167 576 2199; x_wconf 85' lang='lat' dir='ltr'>Plin.</span> <span class='ocrx_word' id='word_1_230' title='bbox 591 2168 696 2205; x_wconf 78' lang='lat' dir='ltr'>XVII,</span> 
     </span>
    </p>
   </div>
   <div class='ocr_carea' id='block_1_5' title="bbox 722 604 1320 2205">
    <p class='ocr_par' dir='ltr' id='par_1_11' title="bbox 722 604 1308 1608">
     <span class='ocr_line' id='line_1_45' title="bbox 726 604 1289 644; baseline -0.018 -7"><span class='ocrx_word' id='word_1_231' title='bbox 726 618 763 637; x_wconf 88' lang='lat'>10</span> <span class='ocrx_word' id='word_1_232' title='bbox 778 630 786 644; x_wconf 92' lang='lat'>,</span> <span class='ocrx_word' id='word_1_233' title='bbox 814 618 837 636; x_wconf 76' lang='lat' dir='ltr'>s,</span> <span class='ocrx_word' id='word_1_234' title='bbox 867 616 898 644; x_wconf 86' lang='lat'>9.</span> <span class='ocrx_word' id='word_1_235' title='bbox 917 604 1032 634; x_wconf 88' lang='lat' dir='ltr'>Omnia</span> <span class='ocrx_word' id='word_1_236' title='bbox 1055 611 1125 640; x_wconf 69' lang='lat' dir='ltr'>quae</span> <span class='ocrx_word' id='word_1_237' title='bbox 1152 610 1289 639; x_wconf 83' lang='lat' dir='ltr'>sequun-</span> 
     </span>
     <span class='ocr_line' id='line_1_46' title="bbox 722 647 1293 689; baseline -0.016 -7"><span class='ocrx_word' id='word_1_238' title='bbox 722 661 790 689; x_wconf 87' lang='lat' dir='ltr'>tur,</span> <span class='ocrx_word' id='word_1_239' title='bbox 825 661 898 680; x_wconf 88' lang='grc'><strong>011111</strong></span> <span class='ocrx_word' id='word_1_240' title='bbox 923 661 962 679; x_wconf 78' lang='lat' dir='ltr'>ex</span> <span class='ocrx_word' id='word_1_241' title='bbox 992 648 1102 678; x_wconf 87' lang='lat' dir='ltr'>eodem</span> <span class='ocrx_word' id='word_1_242' title='bbox 1127 647 1231 676; x_wconf 84' lang='lat' dir='ltr'>Plinio</span> <span class='ocrx_word' id='word_1_243' title='bbox 1262 653 1293 674; x_wconf 82' lang='lat' dir='ltr'>et</span> 
     </span>
     <span class='ocr_line' id='line_1_47' title="bbox 722 691 1294 735; baseline -0.016 -7"><span class='ocrx_word' id='word_1_244' title='bbox 722 699 807 735; x_wconf 81' lang='lat' dir='ltr'>aliis,</span> <span class='ocrx_word' id='word_1_245' title='bbox 847 705 914 726; x_wconf 88' lang='lat' dir='ltr'>tum</span> <span class='ocrx_word' id='word_1_246' title='bbox 945 694 1089 735; x_wconf 87' lang='lat' dir='ltr'>inprimis</span> <span class='ocrx_word' id='word_1_247' title='bbox 1119 703 1159 722; x_wconf 80' lang='lat' dir='ltr'>ex</span> <span class='ocrx_word' id='word_1_248' title='bbox 1190 691 1294 721; x_wconf 79' lang='lat' dir='ltr'>Theo-</span> 
     </span>
     <span class='ocr_line' id='line_1_48' title="bbox 722 737 1291 785; baseline -0.016 -11"><span class='ocrx_word' id='word_1_249' title='bbox 722 745 849 785; x_wconf 86' lang='lat' dir='ltr'>phrasto</span> <span class='ocrx_word' id='word_1_250' title='bbox 865 743 902 772; x_wconf 92' lang='lat' dir='ltr'>de</span> <span class='ocrx_word' id='word_1_251' title='bbox 920 742 1043 771; x_wconf 80' lang='lat' dir='ltr'>caussis</span> <span class='ocrx_word' id='word_1_252' title='bbox 1060 739 1161 769; x_wconf 87' lang='lat' dir='ltr'>Plant.</span> <span class='ocrx_word' id='word_1_253' title='bbox 1180 737 1237 767; x_wconf 84' lang='lat' dir='ltr'>lib.</span> <span class='ocrx_word' id='word_1_254' title='bbox 1258 738 1271 765; x_wconf 94' lang='lat' dir='ltr'>I</span> <span class='ocrx_word' id='word_1_255' title='bbox 1284 759 1291 771; x_wconf 84' lang='lat'>,</span> 
     </span>
     <span class='ocr_line' id='line_1_49' title="bbox 724 784 1294 823; baseline -0.018 -3"><span class='ocrx_word' id='word_1_256' title='bbox 724 799 754 820; x_wconf 88' lang='lat' dir='ltr'>et</span> <span class='ocrx_word' id='word_1_257' title='bbox 782 791 862 819; x_wconf 81' lang='lat' dir='ltr'>Hist.</span> <span class='ocrx_word' id='word_1_258' title='bbox 884 789 982 818; x_wconf 79' lang='lat' dir='ltr'>Plant.</span> <span class='ocrx_word' id='word_1_259' title='bbox 1012 786 1067 815; x_wconf 89' lang='lat' dir='ltr'>lib.</span> <span class='ocrx_word' id='word_1_260' title='bbox 1088 786 1140 820; x_wconf 89' lang='grc' dir='ltr'>ΙΙ,</span> <span class='ocrx_word' id='word_1_261' title='bbox 1170 784 1294 823; x_wconf 81' lang='lat' dir='ltr'>egregie</span> 
     </span>
     <span class='ocr_line' id='line_1_50' title="bbox 724 830 1296 873; baseline -0.016 -8"><span class='ocrx_word' id='word_1_262' title='bbox 724 836 873 865; x_wconf 78' lang='lat' dir='ltr'>illustrari</span> <span class='ocrx_word' id='word_1_263' title='bbox 903 838 1035 873; x_wconf 85' lang='lat' dir='ltr'>possunt</span> <span class='ocrx_word' id='word_1_264' title='bbox 1053 854 1062 867; x_wconf 92' lang='lat'>,</span> <span class='ocrx_word' id='word_1_265' title='bbox 1097 837 1133 859; x_wconf 90' lang='lat' dir='ltr'>ut</span> <span class='ocrx_word' id='word_1_266' title='bbox 1160 831 1224 867; x_wconf 84' lang='lat' dir='ltr'>jam</span> <span class='ocrx_word' id='word_1_267' title='bbox 1260 830 1296 857; x_wconf 88' lang='lat' dir='ltr'>in</span> 
     </span>
     <span class='ocr_line' id='line_1_51' title="bbox 725 874 1296 910; baseline -0.016 1"><span class='ocrx_word' id='word_1_268' title='bbox 725 882 830 910; x_wconf 85' lang='lat' dir='ltr'>multis</span> <span class='ocrx_word' id='word_1_269' title='bbox 849 880 950 909; x_wconf 87' lang='lat' dir='ltr'>fecere</span> <span class='ocrx_word' id='word_1_270' title='bbox 967 878 1102 907; x_wconf 78' lang='lat' dir='ltr'>Ursinus</span> <span class='ocrx_word' id='word_1_271' title='bbox 1123 886 1158 904; x_wconf 93' lang='grc'>30</span> <span class='ocrx_word' id='word_1_272' title='bbox 1184 874 1296 904; x_wconf 86' lang='lat' dir='ltr'>Cerda.</span> 
     </span>
     <span class='ocr_line' id='line_1_52' title="bbox 726 921 1297 960; baseline -0.016 -3"><span class='ocrx_word' id='word_1_273' title='bbox 726 927 778 957; x_wconf 85' lang='lat' dir='ltr'>Ad</span> <span class='ocrx_word' id='word_1_274' title='bbox 799 937 864 955; x_wconf 90' lang='lat' dir='ltr'>rem</span> <span class='ocrx_word' id='word_1_275' title='bbox 888 923 1062 954; x_wconf 86' lang='lat' dir='ltr'>tenendum</span> <span class='ocrx_word' id='word_1_276' title='bbox 1084 922 1167 957; x_wconf 89' lang='lat' dir='ltr'>hoc,</span> <span class='ocrx_word' id='word_1_277' title='bbox 1196 921 1297 960; x_wconf 89' lang='lat' dir='ltr'>pluri-</span> 
     </span>
     <span class='ocr_line' id='line_1_53' title="bbox 727 967 1300 1006; baseline -0.017 -3"><span class='ocrx_word' id='word_1_278' title='bbox 727 974 786 1003; x_wconf 90' lang='lat' dir='ltr'>bus</span> <span class='ocrx_word' id='word_1_279' title='bbox 810 971 910 1001; x_wconf 83' lang='lat' dir='ltr'>modis</span> <span class='ocrx_word' id='word_1_280' title='bbox 936 969 1066 1000; x_wconf 86' lang='lat' dir='ltr'>eandem</span> <span class='ocrx_word' id='word_1_281' title='bbox 1089 967 1233 996; x_wconf 82' lang='lat' dir='ltr'>arborem</span> <span class='ocrx_word' id='word_1_282' title='bbox 1255 967 1300 1006; x_wconf 75' lang='lat' dir='ltr'>gi-</span> 
     </span>
     <span class='ocr_line' id='line_1_54' title="bbox 730 1013 1300 1059; baseline -0.018 -10"><span class='ocrx_word' id='word_1_283' title='bbox 730 1020 784 1059; x_wconf 83' lang='lat' dir='ltr'>gni</span> <span class='ocrx_word' id='word_1_284' title='bbox 801 1028 910 1058; x_wconf 89' lang='lat' dir='ltr'>posse;</span> <span class='ocrx_word' id='word_1_285' title='bbox 936 1028 975 1046; x_wconf 85' lang='lat' dir='ltr'>ne</span> <span class='ocrx_word' id='word_1_286' title='bbox 996 1022 1087 1055; x_wconf 81' lang='lat' dir='ltr'>putes</span> <span class='ocrx_word' id='word_1_287' title='bbox 1103 1013 1235 1053; x_wconf 84' lang='lat' dir='ltr'>siugulis</span> <span class='ocrx_word' id='word_1_288' title='bbox 1254 1022 1300 1040; x_wconf 88' lang='lat' dir='ltr'>ar—</span> 
     </span>
     <span class='ocr_line' id='line_1_55' title="bbox 730 1057 1299 1094; baseline -0.014 0"><span class='ocrx_word' id='word_1_289' title='bbox 730 1064 862 1094; x_wconf 86' lang='lat' dir='ltr'>boribus</span> <span class='ocrx_word' id='word_1_290' title='bbox 887 1073 989 1092; x_wconf 89' lang='lat' dir='ltr'>unum</span> <span class='ocrx_word' id='word_1_291' title='bbox 1016 1059 1141 1090; x_wconf 83' lang='lat' dir='ltr'>tandem</span> <span class='ocrx_word' id='word_1_292' title='bbox 1168 1057 1299 1088; x_wconf 86' lang='lat' dir='ltr'>modum</span> 
     </span>
     <span class='ocr_line' id='line_1_56' title="bbox 733 1104 1301 1145; baseline -0.014 -5"><span class='ocrx_word' id='word_1_293' title='bbox 733 1111 922 1145; x_wconf 77' lang='lat' dir='ltr'>convenire;</span> <span class='ocrx_word' id='word_1_294' title='bbox 953 1114 999 1137; x_wconf 88' lang='lat' dir='ltr'>est</span> <span class='ocrx_word' id='word_1_295' title='bbox 1028 1114 1132 1135; x_wconf 78' lang='lat' dir='ltr'>tumen</span> <span class='ocrx_word' id='word_1_296' title='bbox 1159 1105 1217 1134; x_wconf 83' lang='lat' dir='ltr'>alia</span> <span class='ocrx_word' id='word_1_297' title='bbox 1249 1104 1301 1132; x_wconf 85' lang='lat' dir='ltr'>alii</span> 
     </span>
     <span class='ocr_line' id='line_1_57' title="bbox 734 1150 1302 1186; baseline -0.014 -1"><span class='ocrx_word' id='word_1_298' title='bbox 734 1157 812 1186; x_wconf 77' lang='lat' dir='ltr'>ratio</span> <span class='ocrx_word' id='word_1_299' title='bbox 839 1156 957 1185; x_wconf 86' lang='lat' dir='ltr'>utilior.</span> <span class='ocrx_word' id='word_1_300' title='bbox 977 1170 1023 1176; x_wconf 81' lang='lat'>—-</span> <span class='ocrx_word' id='word_1_301' title='bbox 1044 1152 1135 1182; x_wconf 88' lang='lat' dir='ltr'>Alius</span> <span class='ocrx_word' id='word_1_302' title='bbox 1163 1150 1302 1179; x_wconf 80' lang='lat' dir='ltr'>avellens</span> 
     </span>
     <span class='ocr_line' id='line_1_58' title="bbox 734 1195 1301 1239; baseline -0.016 -7"><span class='ocrx_word' id='word_1_303' title='bbox 734 1203 870 1232; x_wconf 80' lang='lat' dir='ltr'>stolones</span> <span class='ocrx_word' id='word_1_304' title='bbox 884 1212 900 1230; x_wconf 91' lang='lat' dir='ltr'>e</span> <span class='ocrx_word' id='word_1_305' title='bbox 915 1200 1019 1229; x_wconf 83' lang='lat' dir='ltr'>radice</span> <span class='ocrx_word' id='word_1_306' title='bbox 1042 1197 1128 1239; x_wconf 69' lang='lat' dir='ltr'>(vid.</span> <span class='ocrx_word' id='word_1_307' title='bbox 1154 1207 1189 1233; x_wconf 73' lang='lat'>17</span> <span class='ocrx_word' id='word_1_308' title='bbox 1211 1195 1222 1235; x_wconf 91' lang='lat'><em>)</em></span> <span class='ocrx_word' id='word_1_309' title='bbox 1240 1195 1301 1224; x_wconf 90' lang='lat' dir='ltr'>fos-</span> 
     </span>
     <span class='ocr_line' id='line_1_59' title="bbox 735 1242 1303 1289; baseline -0.016 -12"><span class='ocrx_word' id='word_1_310' title='bbox 735 1250 775 1277; x_wconf 85' lang='lat' dir='ltr'>sis</span> <span class='ocrx_word' id='word_1_311' title='bbox 788 1248 853 1289; x_wconf 88' lang='lat' dir='ltr'>(sic</span> <span class='ocrx_word' id='word_1_312' title='bbox 867 1247 968 1276; x_wconf 77' lang='lat' dir='ltr'>sulcus</span> <span class='ocrx_word' id='word_1_313' title='bbox 981 1244 1038 1274; x_wconf 85' lang='lat' dir='ltr'>inf.</span> <span class='ocrx_word' id='word_1_314' title='bbox 1050 1242 1136 1282; x_wconf 79' lang='lat'>289)</span> <span class='ocrx_word' id='word_1_315' title='bbox 1153 1252 1208 1270; x_wconf 89' lang='lat' dir='ltr'>seu</span> <span class='ocrx_word' id='word_1_316' title='bbox 1218 1251 1303 1270; x_wconf 84' lang='lat' dir='ltr'>scro-</span> 
     </span>
     <span class='ocr_line' id='line_1_60' title="bbox 736 1288 1302 1324; baseline -0.018 0"><span class='ocrx_word' id='word_1_317' title='bbox 736 1294 830 1324; x_wconf 87' lang='lat' dir='ltr'>bibus</span> <span class='ocrx_word' id='word_1_318' title='bbox 847 1292 983 1322; x_wconf 84' lang='lat' dir='ltr'>mandat.</span> <span class='ocrx_word' id='word_1_319' title='bbox 1000 1289 1064 1319; x_wconf 77' lang='lat' dir='ltr'>vid.</span> <span class='ocrx_word' id='word_1_320' title='bbox 1082 1289 1163 1318; x_wconf 88' lang='lat' dir='ltr'>Plin.</span> <span class='ocrx_word' id='word_1_321' title='bbox 1188 1288 1282 1316; x_wconf 82' lang='lat' dir='ltr'><strong>XVII</strong></span> <span class='ocrx_word' id='word_1_322' title='bbox 1295 1308 1302 1321; x_wconf 89' lang='lat'>,</span> 
     </span>
     <span class='ocr_line' id='line_1_61' title="bbox 742 1332 1306 1376; baseline -0.02 -6"><span class='ocrx_word' id='word_1_323' title='bbox 742 1351 800 1376; x_wconf 91' lang='lat'>10,</span> <span class='ocrx_word' id='word_1_324' title='bbox 828 1350 852 1368; x_wconf 93' lang='lat' dir='ltr'>s.</span> <span class='ocrx_word' id='word_1_325' title='bbox 883 1340 934 1367; x_wconf 85' lang='grc'>13.</span> <span class='ocrx_word' id='word_1_326' title='bbox 961 1337 1073 1365; x_wconf 85' lang='lat' dir='ltr'>Idem:</span> <span class='ocrx_word' id='word_1_327' title='bbox 1093 1332 1229 1368; x_wconf 83' lang='lat' dir='ltr'>Omnia,</span> <span class='ocrx_word' id='word_1_328' title='bbox 1255 1333 1306 1360; x_wconf 87' lang='lat' dir='ltr'>in-</span> 
     </span>
     <span class='ocr_line' id='line_1_62' title="bbox 738 1378 1305 1424; baseline -0.016 -10"><span class='ocrx_word' id='word_1_329' title='bbox 738 1387 826 1424; x_wconf 88' lang='lat' dir='ltr'>quit,</span> <span class='ocrx_word' id='word_1_330' title='bbox 851 1382 980 1413; x_wconf 79' lang='lat' dir='ltr'>celerius</span> <span class='ocrx_word' id='word_1_331' title='bbox 1006 1380 1192 1410; x_wconf 76' lang='lat' dir='ltr'>adolescunt</span> <span class='ocrx_word' id='word_1_332' title='bbox 1212 1378 1305 1406; x_wconf 80' lang='lat' dir='ltr'>stolo-</span> 
     </span>
     <span class='ocr_line' id='line_1_63' title="bbox 743 1423 1307 1465; baseline -0.014 -6"><span class='ocrx_word' id='word_1_333' title='bbox 743 1431 830 1459; x_wconf 83' lang='lat' dir='ltr'>nibus</span> <span class='ocrx_word' id='word_1_334' title='bbox 849 1428 979 1463; x_wconf 71' lang='lat' dir='ltr'>ablatis,</span> <span class='ocrx_word' id='word_1_335' title='bbox 1010 1435 1169 1465; x_wconf 85' lang='lat' dir='ltr'>unamque</span> <span class='ocrx_word' id='word_1_336' title='bbox 1185 1424 1218 1453; x_wconf 87' lang='lat' dir='ltr'>in</span> <span class='ocrx_word' id='word_1_337' title='bbox 1237 1423 1307 1452; x_wconf 78' lang='lat' dir='ltr'>scir-</span> 
     </span>
     <span class='ocr_line' id='line_1_64' title="bbox 736 1469 1307 1517; baseline -0.016 -11"><span class='ocrx_word' id='word_1_338' title='bbox 736 1487 813 1517; x_wconf 83' lang='lat' dir='ltr'>pem</span> <span class='ocrx_word' id='word_1_339' title='bbox 843 1473 978 1504; x_wconf 82' lang='lat' dir='ltr'>redactis</span> <span class='ocrx_word' id='word_1_340' title='bbox 1005 1470 1166 1501; x_wconf 81' lang='lat' dir='ltr'>alimentis</span> <span class='ocrx_word' id='word_1_341' title='bbox 1185 1493 1193 1506; x_wconf 89' lang='lat'>,</span> <span class='ocrx_word' id='word_1_342' title='bbox 1228 1469 1307 1498; x_wconf 88' lang='lat' dir='ltr'>ibid.</span> 
     </span>
     <span class='ocr_line' id='line_1_65' title="bbox 748 1515 1308 1560; baseline -0.016 -8"><span class='ocrx_word' id='word_1_343' title='bbox 748 1524 807 1560; x_wconf 84' lang='grc'>13,</span> <span class='ocrx_word' id='word_1_344' title='bbox 837 1532 861 1551; x_wconf 80' lang='grc' dir='ltr'>ε.</span> <span class='ocrx_word' id='word_1_345' title='bbox 889 1530 941 1549; x_wconf 88' lang='lat'>20.</span> <span class='ocrx_word' id='word_1_346' title='bbox 964 1521 1011 1548; x_wconf 90' lang='lat' dir='ltr'>Ita</span> <span class='ocrx_word' id='word_1_347' title='bbox 1035 1516 1195 1547; x_wconf 78' lang='lat' dir='ltr'>avulsione</span> <span class='ocrx_word' id='word_1_348' title='bbox 1218 1515 1308 1544; x_wconf 87' lang='lat' dir='ltr'>arbo-</span> 
     </span>
     <span class='ocr_line' id='line_1_66' title="bbox 745 1567 1011 1608; baseline -0.019 -10"><span class='ocrx_word' id='word_1_349' title='bbox 745 1579 792 1598; x_wconf 90' lang='lat' dir='ltr'>res</span> <span class='ocrx_word' id='word_1_350' title='bbox 806 1567 1011 1608; x_wconf 85' lang='lat' dir='ltr'>proveniunt.</span> 
     </span>
    </p>

    <p class='ocr_par' dir='ltr' id='par_1_12' title="bbox 745 1609 1315 2056">
     <span class='ocr_line' id='line_1_67' title="bbox 793 1609 1311 1649; baseline -0.015 -5"><span class='ocrx_word' id='word_1_351' title='bbox 793 1620 846 1649; x_wconf 76' lang='lat'>24.</span> <span class='ocrx_word' id='word_1_352' title='bbox 877 1612 967 1642; x_wconf 81' lang='lat' dir='ltr'>Alius</span> <span class='ocrx_word' id='word_1_353' title='bbox 996 1609 1110 1639; x_wconf 86' lang='lat' dir='ltr'>modus</span> <span class='ocrx_word' id='word_1_354' title='bbox 1139 1615 1185 1638; x_wconf 87' lang='lat' dir='ltr'>est</span> <span class='ocrx_word' id='word_1_355' title='bbox 1207 1629 1216 1644; x_wconf 83' lang='lat'>,</span> <span class='ocrx_word' id='word_1_356' title='bbox 1247 1617 1311 1646; x_wconf 89' lang='lat' dir='ltr'>quo</span> 
     </span>
     <span class='ocr_line' id='line_1_68' title="bbox 745 1655 1311 1700; baseline -0.018 -10"><span class='ocrx_word' id='word_1_357' title='bbox 745 1661 813 1700; x_wconf 88' lang='lat' dir='ltr'>quis</span> <span class='ocrx_word' id='word_1_358' title='bbox 837 1667 980 1694; x_wconf 83' lang='lat' dir='ltr'>truncos,</span> <span class='ocrx_word' id='word_1_359' title='bbox 1009 1666 1065 1685; x_wconf 90' lang='lat' dir='ltr'>seu</span> <span class='ocrx_word' id='word_1_360' title='bbox 1086 1655 1237 1683; x_wconf 84' lang='lat' dir='ltr'>vastiores</span> <span class='ocrx_word' id='word_1_361' title='bbox 1263 1663 1311 1681; x_wconf 85' lang='lat' dir='ltr'>ra-</span> 
     </span>
     <span class='ocr_line' id='line_1_69' title="bbox 745 1698 1312 1741; baseline -0.018 -5"><span class='ocrx_word' id='word_1_362' title='bbox 745 1717 812 1736; x_wconf 86' lang='lat' dir='ltr'>mos</span> <span class='ocrx_word' id='word_1_363' title='bbox 836 1716 871 1734; x_wconf 89' lang='lat' dir='ltr'>ac</span> <span class='ocrx_word' id='word_1_364' title='bbox 897 1704 989 1733; x_wconf 70' lang='lat' dir='ltr'>usseas</span> <span class='ocrx_word' id='word_1_365' title='bbox 1014 1703 1049 1731; x_wconf 90' lang='lat' dir='ltr'>in</span> <span class='ocrx_word' id='word_1_366' title='bbox 1076 1701 1138 1741; x_wconf 83' lang='lat' dir='ltr'>pali</span> <span class='ocrx_word' id='word_1_367' title='bbox 1162 1698 1312 1734; x_wconf 91' lang='lat' dir='ltr'>modum,</span> 
     </span>
     <span class='ocr_line' id='line_1_70' title="bbox 747 1745 1312 1790; baseline -0.019 -8"><span class='ocrx_word' id='word_1_368' title='bbox 747 1759 801 1781; x_wconf 85' lang='lat' dir='ltr'>aut</span> <span class='ocrx_word' id='word_1_369' title='bbox 833 1749 1062 1790; x_wconf 80' lang='lat' dir='ltr'>quadripartito</span> <span class='ocrx_word' id='word_1_370' title='bbox 1091 1745 1178 1775; x_wconf 86' lang='lat' dir='ltr'>fissas</span> <span class='ocrx_word' id='word_1_371' title='bbox 1195 1768 1204 1780; x_wconf 93' lang='lat'><em>‚</em></span> <span class='ocrx_word' id='word_1_372' title='bbox 1238 1754 1312 1773; x_wconf 90' lang='lat' dir='ltr'>cum</span> 
     </span>
     <span class='ocr_line' id='line_1_71' title="bbox 748 1789 1311 1832; baseline -0.016 -5"><span class='ocrx_word' id='word_1_373' title='bbox 748 1797 907 1827; x_wconf 76' lang='lat' dir='ltr'>radicibus</span> <span class='ocrx_word' id='word_1_374' title='bbox 918 1819 926 1832; x_wconf 92' lang='lat'>‚</span> <span class='ocrx_word' id='word_1_375' title='bbox 943 1795 976 1824; x_wconf 85' lang='lat' dir='ltr'>in</span> <span class='ocrx_word' id='word_1_376' title='bbox 992 1802 1106 1823; x_wconf 79' lang='lat' dir='ltr'>terram</span> <span class='ocrx_word' id='word_1_377' title='bbox 1126 1789 1252 1831; x_wconf 80' lang='lat' dir='ltr'>infhdit.</span> <span class='ocrx_word' id='word_1_378' title='bbox 1271 1789 1311 1818; x_wconf 82' lang='lat' dir='ltr'>cf.</span> 
     </span>
     <span class='ocr_line' id='line_1_72' title="bbox 750 1836 1312 1877; baseline -0.018 -3"><span class='ocrx_word' id='word_1_379' title='bbox 750 1844 829 1874; x_wconf 87' lang='lat' dir='ltr'>Plin.</span> <span class='ocrx_word' id='word_1_380' title='bbox 846 1843 942 1872; x_wconf 82' lang='lat' dir='ltr'>XVII</span> <span class='ocrx_word' id='word_1_381' title='bbox 956 1862 964 1877; x_wconf 92' lang='lat'>,</span> <span class='ocrx_word' id='word_1_382' title='bbox 992 1850 1043 1877; x_wconf 92' lang='lat'>17,</span> <span class='ocrx_word' id='word_1_383' title='bbox 1059 1850 1083 1868; x_wconf 79' lang='lat' dir='ltr'>s,</span> <span class='ocrx_word' id='word_1_384' title='bbox 1105 1847 1164 1875; x_wconf 78' lang='lat'>273</span> <span class='ocrx_word' id='word_1_385' title='bbox 1187 1836 1312 1866; x_wconf 91' lang='lat' dir='ltr'>Colum.</span> 
     </span>
     <span class='ocr_line' id='line_1_73' title="bbox 748 1883 1315 1924; baseline -0.014 -6"><span class='ocrx_word' id='word_1_386' title='bbox 748 1900 822 1918; x_wconf 90' lang='lat' dir='ltr'>cum</span> <span class='ocrx_word' id='word_1_387' title='bbox 844 1887 939 1924; x_wconf 88' lang='lat' dir='ltr'>alibi,</span> <span class='ocrx_word' id='word_1_388' title='bbox 967 1892 1035 1915; x_wconf 82' lang='lat' dir='ltr'>tum</span> <span class='ocrx_word' id='word_1_389' title='bbox 1057 1886 1098 1920; x_wconf 89' lang='lat' dir='ltr'>V,</span> <span class='ocrx_word' id='word_1_390' title='bbox 1119 1893 1158 1923; x_wconf 88' lang='lat'>9,</span> <span class='ocrx_word' id='word_1_391' title='bbox 1187 1884 1217 1912; x_wconf 90' lang='grc'><strong>3.</strong></span> <span class='ocrx_word' id='word_1_392' title='bbox 1242 1883 1315 1921; x_wconf 89' lang='lat' dir='ltr'>Quo</span> 
     </span>
     <span class='ocr_line' id='line_1_74' title="bbox 748 1927 1314 1976; baseline -0.016 -11"><span class='ocrx_word' id='word_1_393' title='bbox 748 1935 930 1976; x_wconf 88' lang='lat' dir='ltr'>prodigium</span> <span class='ocrx_word' id='word_1_394' title='bbox 961 1936 1100 1972; x_wconf 82' lang='lat' dir='ltr'>spectat,</span> <span class='ocrx_word' id='word_1_395' title='bbox 1135 1928 1222 1968; x_wconf 91' lang='lat' dir='ltr'>quod</span> <span class='ocrx_word' id='word_1_396' title='bbox 1260 1927 1314 1956; x_wconf 81' lang='lat' dir='ltr'>ali-</span> 
     </span>
     <span class='ocr_line' id='line_1_75' title="bbox 750 1976 1315 2020; baseline -0.016 -10"><span class='ocrx_word' id='word_1_397' title='bbox 750 1980 875 2020; x_wconf 90' lang='lat' dir='ltr'>quando</span> <span class='ocrx_word' id='word_1_398' title='bbox 896 1979 984 2007; x_wconf 83' lang='lat' dir='ltr'>hasta</span> <span class='ocrx_word' id='word_1_399' title='bbox 1009 1985 1122 2006; x_wconf 86' lang='lat' dir='ltr'>cornea</span> <span class='ocrx_word' id='word_1_400' title='bbox 1146 1976 1180 2003; x_wconf 92' lang='lat' dir='ltr'>in</span> <span class='ocrx_word' id='word_1_401' title='bbox 1201 1981 1315 2003; x_wconf 87' lang='lat' dir='ltr'>terram</span> 
     </span>
     <span class='ocr_line' id='line_1_76' title="bbox 752 2021 1230 2056; baseline -0.015 0"><span class='ocrx_word' id='word_1_402' title='bbox 752 2025 856 2056; x_wconf 85' lang='lat' dir='ltr'>defixa</span> <span class='ocrx_word' id='word_1_403' title='bbox 871 2026 906 2054; x_wconf 89' lang='lat' dir='ltr'>in</span> <span class='ocrx_word' id='word_1_404' title='bbox 920 2024 1063 2053; x_wconf 86' lang='lat' dir='ltr'>arborem</span> <span class='ocrx_word' id='word_1_405' title='bbox 1078 2021 1230 2050; x_wconf 84' lang='lat' dir='ltr'>excrevit.</span> 
     </span>
    </p>

    <p class='ocr_par' dir='ltr' id='par_1_13' title="bbox 743 2064 1320 2205">
     <span class='ocr_line' id='line_1_77' title="bbox 798 2064 1318 2109; baseline -0.015 -7"><span class='ocrx_word' id='word_1_406' title='bbox 798 2072 860 2108; x_wconf 86' lang='lat'>26,</span> <span class='ocrx_word' id='word_1_407' title='bbox 894 2081 946 2109; x_wconf 81' lang='lat'>27.</span> <span class='ocrx_word' id='word_1_408' title='bbox 977 2068 1102 2099; x_wconf 86' lang='lat' dir='ltr'>Tertius</span> <span class='ocrx_word' id='word_1_409' title='bbox 1134 2066 1247 2096; x_wconf 84' lang='lat' dir='ltr'>modus</span> <span class='ocrx_word' id='word_1_410' title='bbox 1279 2064 1318 2095; x_wconf 83' lang='lat' dir='ltr'>fit</span> 
     </span>
     <span class='ocr_line' id='line_1_78' title="bbox 743 2113 1318 2159; baseline -0.017 -10"><span class='ocrx_word' id='word_1_411' title='bbox 743 2116 933 2159; x_wconf 79' lang='lat' dir='ltr'>propagine.</span> <span class='ocrx_word' id='word_1_412' title='bbox 956 2118 999 2146; x_wconf 86' lang='lat' dir='ltr'>Ut</span> <span class='ocrx_word' id='word_1_413' title='bbox 1015 2115 1100 2150; x_wconf 84' lang='lat' dir='ltr'>aliae,</span> <span class='ocrx_word' id='word_1_414' title='bbox 1124 2113 1244 2152; x_wconf 87' lang='lat' dir='ltr'>inquit,</span> <span class='ocrx_word' id='word_1_415' title='bbox 1269 2121 1318 2140; x_wconf 84' lang='lat' dir='ltr'>ar-</span> 
     </span>
     <span class='ocr_line' id='line_1_79' title="bbox 750 2158 1320 2205; baseline -0.016 -10"><span class='ocrx_word' id='word_1_416' title='bbox 750 2165 841 2195; x_wconf 87' lang='lat' dir='ltr'>bores</span> <span class='ocrx_word' id='word_1_417' title='bbox 855 2163 1062 2205; x_wconf 79' lang='lat' dir='ltr'>proveniant,</span> <span class='ocrx_word' id='word_1_418' title='bbox 1086 2160 1265 2189; x_wconf 82' lang='lat' dir='ltr'>incurvatas</span> <span class='ocrx_word' id='word_1_419' title='bbox 1286 2158 1320 2186; x_wconf 89' lang='lat' dir='ltr'>in</span> 
     </span>
    </p>
   </div>
  </div>
 </body>
</html>
