1408 2428
606 73 725 104 LIBER
750 75 789 103 11.

1228 79 1289 105 251

108 135 309 181 Exspecta,
325 140 360 167 et
376 131 506 167 validis
527 139 666 166 terram
687 131 883 178 proscinde
901 132 1081 180 juvencis.

108 191 209 227 Salsa
227 201 350 227 autem
370 190 493 235 tellus,
514 198 549 225 et
566 202 649 238 quae
667 190 888 238 perhibetur
906 203 1050 236 amara,

107 250 292 299 Frugibus
308 250 436 286 infelix
456 249 522 299 (ea
538 262 606 285 nec
621 251 844 286 mansuescit
864 250 1023 296 arando,

106 313 184 346 Nec
199 310 344 346 Baccho
363 323 496 359 genus,
513 318 576 346 aut
592 310 711 358 pomis
729 322 795 346 sua
809 311 962 346 nomina
978 311 1142 361 servat),
1245 324 1291 349 ψ,

105 370 193 405 Tale
213 370 316 406 (labit
336 369 545 418 specimen:
567 378 608 405 tu
628 369 746 418 spisso
762 369 901 406 vimine
921 370 1066 418 qualos,

106 430 269 478 Colaque
289 430 489 478 praelorum
509 429 662 466 fumosis
681 429 810 478 deripe
828 430 953 474 tectis;

106 491 189 524 Huc
208 501 294 538 ager
312 489 372 524 ille
390 488 524 534 malus,
547 488 746 537 dulcesque
765 501 786 524 a
807 487 973 525 fontibus
992 488 1121 535 undae,

106 547 165 584 Ad
187 548 335 596 plenum
352 548 540 585 calcentur
556 563 563 584 :
585 561 680 597 aqua
700 547 926 584 eluctabitur
944 549 1062 585 omnis

108 607 272 651 Scilicet,
289 617 323 643 et
340 608 497 656 grandes
517 607 623 644 ibunt
641 621 707 657 per
725 608 864 644 vimina
885 616 1018 656 guttae;

1243 619 1290 645 2⁴¹5

108 669 154 701 At
172 678 282 714 sapor
304 666 481 703 indicium
500 668 608 704 faciet
624 668 858 713 manifestus,
876 676 911 703 et
931 680 997 704 ora

107 814 166 843 qne
179 811 266 843 terga
280 805 394 833 Movet.
412 811 512 843 quart.
530 805 619 834 male.
629 823 672 826 ——

111 851 186 887 237.
210 851 333 878 Exerce
350 857 379 878 et
397 849 516 878 validis
541 852 676 880 Roman.

109 895 210 925 Pierii.
236 902 266 923 et
281 901 352 924 ante
367 894 488 924 validis
502 896 536 924 in
558 895 673 926 Medic.

111 952 125 971 a
143 951 224 970 man.
243 951 291 980 pr.
306 941 421 970 aberat.

157 988 363 1024 238—247.
388 986 508 1017 Salsum
532 995 561 1016 et
591 998 673 1017 ama-

110 1044 178 1062 rum
209 1033 309 1062 solum
340 1043 448 1073 sapore
475 1033 673 1074 exploratur,

110 1089 188 1119 aqua
218 1079 289 1109 colo
312 1079 455 1119 eliquata.
484 1080 523 1109 cf.
549 1080 674 1110 Colum.

110 1127 158 1161 ll,
187 1136 222 1162 2,
249 1135 308 1161 20,
334 1132 364 1154 et
385 1124 423 1154 de
442 1126 557 1155 Arbor.
583 1127 619 1162 3,
644 1126 674 1155 6.

113 1173 191 1210 Quoe
209 1170 390 1211 perhibetur
413 1181 543 1206 amara,
582 1168 676 1211 {luam

110 1217 205 1256 vulgo
219 1227 352 1246 amaram
369 1217 523 1257 appellant
533 1239 542 1253 ,
557 1218 617 1246 nisi
632 1225 677 1247 est

110 1273 168 1302 pro
182 1263 283 1302 simpl.
302 1271 357 1293 est.
375 1261 514 1304 Infelix,
532 1263 673 1293 infecun-

111 1307 159 1337 da.
177 1326 221 1331 —
239 1314 315 1343 240.
341 1310 410 1338 IVec
435 1307 560 1337 Baccho
581 1309 675 1338 decus

110 1354 232 1383 emend.
249 1355 301 1384 Jo.
317 1354 485 1390 Schrader3
499 1361 534 1383 ut
547 1356 616 1384 AEn.
633 1357 674 1391 II,

113 1400 175 1438 89:
191 1409 367 1439 nomenque
399 1400 552 1439 decusque
583 1402 675 1440 gessi-

112 1455 190 1474 mus.
202 1446 245 1474 At
259 1445 438 1481 Colum.=X,
457 1446 496 1474 38
511 1447 579 1484 Quo
595 1448 676 1475 Bac-

112 1490 163 1519 chi
184 1500 286 1530 genus
303 1498 361 1521 etc.
378 1508 423 1513 —-
438 1490 582 1520 Numina
598 1493 675 1522 Rot-

112 1535 197 1565 tend.
229 1544 327 1566 servet
349 1537 478 1567 Mentel.
494 1547 542 1577 pr.
559 1555 605 1559 —
620 1539 676 1566 Vi-

110 1592 186 1610 mun
218 1583 489 1622 generosissimum
526 1589 557 1612 et
582 1593 676 1622 poma

111 1628 228 1667 optima
249 1629 284 1657 in
305 1628 359 1657 tali
380 1635 461 1658 terra
477 1628 674 1668 degenerant.

113 1673 219 1702 Genus
250 1680 281 1702 et
318 1674 451 1703 nomina
468 1697 477 1709 ‚
520 1674 676 1713 eleganter

110 1719 215 1749 Burm.
239 1726 342 1756 notat,
370 1721 455 1749 utin
477 1720 675 1757 hominibus,

110 1767 153 1792 ita
182 1764 251 1801 hic,
279 1765 477 1795 nobilitatem
504 1765 675 1805 designare.

113 1809 287 1848 Specimcn,
301 1810 535 1846 documentum,
547 1807 675 1854 δεῖγμα,

112 1855 274 1893 probatio,
292 1853 460 1893 ἀπόδειξις.

160 1906 221 1935 241
234 1919 280 1923 -
291 1907 367 1939 247.
393 1904 473 1932 Rem
495 1901 560 1932 vid.
578 1903 677 1942 inpri-

113 1947 169 1975 mis
190 1956 239 1986 ap.
257 1948 401 1987 Geopon.
425 1949 472 1981 ΙΙ,
504 1958 543 1977 10
567 1954 597 1977 et
620 1958 676 1984 113

113 1993 152 2026 V,
177 2002 206 2029 7.
232 1993 350 2032 Qualos
374 1993 543 2030 vimineos,
560 2003 614 2023 seu
629 2003 678 2022 ca·-

113 2037 230 2074 lathos,
262 2048 296 2066 ac
325 2038 396 2067 cola
420 2039 590 2078 praelorum
601 2061 609 2074 ‚
642 2038 676 2069 h.

112 2084 248 2123 supponi
263 2083 366 2123 praelis
381 2094 513 2114 uvarum
536 2092 566 2114 et
581 2084 677 2115 oliva-

112 2138 184 2157 rum
208 2129 318 2165 solita,
341 2136 378 2159 ut
398 2140 517 2159 novum
539 2136 677 2160 mustum

112 2181 164 2203 aut
178 2174 282 2204 oleum
294 2175 327 2204 in
340 2176 378 2205 iis
391 2183 555 2216 exceptum
570 2186 676 2216 perco-

727 806 809 834 letur
835 815 868 833 ac
893 804 1050 843 liquetur,
1076 803 1182 843 dertpe’
1206 805 1294 834 tectis

720 849 873 888 sinuosis,
910 860 985 888 pro,
1023 860 1120 879 sume.
1158 852 1295 880 Ornatus

728 895 800 925 inde
824 896 955 935 petitus,
974 895 1059 935 quod
1075 897 1131 925 ista
1145 905 1216 925 vasa
1227 919 1235 933 ,
1256 907 1295 926 ne

727 942 859 970 humore
893 948 1155 981 corrlunpanrur,
1183 941 1222 971 ad
1246 942 1294 971 fu-

727 998 812 1017 mum
850 988 960 1027 repom'
993 988 1103 1017 solent.
1133 1005 1178 1009 —-
1217 990 1292 1023 243.

727 1036 830 1074 Ager,
843 1033 994 1073 particula
1005 1040 1094 1062 terrae
1104 1044 1143 1062 ex
1152 1044 1189 1063 eo
1203 1044 1294 1074 agr03

727 1081 780 1113 τῆς
797 1081 852 1122 γῆς
869 1090 907 1109 τι.
921 1080 1225 1115 Huc—calcentur,
1245 1091 1296 1109 ex-

730 1126 872 1165 quisitius
896 1136 989 1165 qnam
1006 1125 1055 1154 hic
1064 1137 1076 1161 ,·
1100 1126 1194 1155 infert
1213 1127 1295 1155 enim

731 1172 860 1201 alterum
871 1193 880 1208 ,
916 1171 979 1200 huc
1009 1172 1216 1200 infundantur
1228 1194 1235 1208 ,
1264 1179 1297 1201 et

731 1218 911 1254 calcentur,
936 1217 1131 1257 subigantur.
1148 1235 1193 1240 —-
1219 1223 1296 1253 244.

730 1264 787 1293 Ad
790 1264 941 1303 plenum,
960 1264 1051 1302 plene
1066 1270 1100 1292 ut
1116 1264 1221 1292 colum
1234 1264 1296 1303 ple-

728 1319 806 1338 num
829 1310 877 1339 sit.
898 1311 1008 1338 Horat.
1034 1308 1094 1339 Od.
1118 1311 1149 1345 I,
1178 1320 1234 1346 17,
1258 1310 1295 1338 15

729 1354 790 1383 Hic
814 1354 870 1383 tihi
884 1354 976 1393 copia
993 1354 1140 1384 Manabic
1163 1355 1210 1383 ad
1225 1356 1295 1394 ple-

730 1410 804 1429 num
845 1400 980 1440 benigno
1019 1400 1110 1429 Ruris
1141 1399 1293 1430 honorum

729 1446 879 1485 opulenta
895 1456 1001 1475 cornu.
1019 1446 1217 1475 Eluctabitur
1226 1446 1296 1486 pul-

729 1492 834 1520 chrius
863 1502 898 1521 ac
930 1490 1046 1521 effluet.
1069 1508 1115 1514 ——-
1138 1492 1215 1527 246.
1245 1493 1296 1522 Sic

729 1537 872 1568 Reiskius
881 1538 1141 1577 interpungebat:
1157 1545 1192 1567 at
1203 1548 1298 1577 sapor

729 1582 881 1612 indicium
898 1582 1026 1624 saciet,·
1052 1582 1239 1624 manifestus
1267 1591 1299 1612 et

729 1639 784 1657 ora
801 1635 862 1659 ete.
880 1636 916 1657 ut
931 1629 970 1657 sit
991 1639 1121 1658 amaror
1142 1628 1295 1669 mam-'fes-

729 1682 786 1704 tus.
804 1675 853 1704 Sic
869 1681 899 1703 et
911 1673 1032 1703 Wakef.
1043 1691 1089 1696 ——-
1099 1673 1202 1714 Sapor'
1209 1685 1297 1713 aquae

729 1730 890 1760 expressae.
908 1718 1120 1759 Mmffestus;
1136 1721 1170 1749 in
1185 1719 1296 1760 pedes-

730 1766 770 1794 tri
794 1766 934 1794 oratione
959 1765 1008 1794 vel
1032 1766 1215 1803 manifesto,
1245 1766 1297 1794 vel

728 1811 881 1840 indicium
913 1810 1122 1841 mam'festum.
1155 1813 1298 1840 Amaror

729 1856 883 1896 torquebit
904 1866 995 1885 sensu
1020 1866 1075 1884 ora
1092 1864 1291 1892 tentantum,

729 1901 760 1932 h.
779 1913 805 1932 e.
822 1902 1027 1942 gustantium,
1045 1912 1085 1931 ex
1099 1904 1223 1932 Lucret.
1243 1904 1294 1938 ΙΙ,

731 1953 793 1982 401
827 1949 874 1976 Ac
895 1954 1005 1976 contra
1031 1954 1111 1976 tetra
1136 1947 1299 1977 Absintlzii

730 2000 845 2022 namra
860 1991 989 2033 ferique
1016 1993 1180 2023 Centauriz'
1200 1993 1296 2035 foedo

724 2045 931 2078 pertorquent
945 2048 1001 2066 ora
1016 2049 1138 2078 sapore.
1155 2041 1176 2069 J
1178 2049 1227 2068 am
1242 2039 1296 2068 hic

730 2094 836 2113 sensus
852 2083 934 2113 haud
950 2084 1045 2114 dubie
1058 2086 1185 2125 proprie
1202 2084 1299 2114 tristis

730 2129 949 2169 appellandus3
967 2129 1052 2170 quod
1069 2130 1107 2160 de
1122 2131 1234 2161 amaris
1250 2140 1298 2160 re-

728 2175 787 2205 bus
811 2175 891 2213 dici,
916 2186 1009 2216 supra
1025 2187 1056 2206 v.
1083 2187 1110 2206 c.
1131 2178 1164 2214 Ι,
1184 2177 1226 2214 75
1251 2176 1297 2204 xi—
