1377 2428
539 69 661 99 LIBER
684 69 742 98 ΙΙΙ.

48 123 213 161 AEstibus
234 132 271 160 at
289 122 421 160 mediis
440 123 657 161 umbrosam
678 124 877 174 exquirere
898 126 1050 173 vallem,

52 182 182 221 Sicubi
199 196 331 232 magna
348 187 367 219 J
372 183 451 219 ovis
472 185 626 233 antiquo
646 184 786 221 robore
803 199 963 234 quercus

51 243 215 293 Ingentis
235 243 363 280 tendat
383 256 523 289 ramos,
544 254 608 281 aut
623 244 744 281 sicubi
759 245 909 295 nigrum

53 302 206 339 Ilicibus
222 302 364 339 crebris
383 316 487 339 sacra
502 317 632 341 nemus
650 304 811 341 adcubet
830 305 975 342 umbra.

52 366 150 400 Tum
172 362 292 400 tenUiS
312 362 400 399 dare
419 377 548 400 I'UYSUS
565 377 697 413 aquas,
714 374 750 401 et
766 378 918 414 pascere
938 379 1068 404 l'Ul'SUS

1191 378 1239 402 335

55 424 152 460 Solis
171 424 217 459 ad
238 436 410 460 occasum
422 451 432 469 ‚
454 437 571 473 quum
588 424 744 474 frigidus
763 437 850 461 aera
864 428 1007 475 Vesper

54 486 273 533 Temperat,
294 493 330 520 et
348 484 461 521 saltus
481 484 599 521 reficit
611 488 688 534 jam
706 485 855 522 roscida
874 486 978 532 luna,

54 544 259 593 Litoraque
274 544 467 593 Alcyonen
486 553 679 591 resonant,
699 546 945 582 Acalanthida
965 546 1080 585 dumi.

101 603 205 649 Quid
229 602 297 639 tibi
317 611 484 652 pastores
500 604 647 653 Lybiae,
669 605 760 654 quid
776 618 914 654 pascua
932 619 1045 644 versu

55 665 284 713 Prosequar,
302 673 337 701 et
352 665 446 701 raris
461 663 631 702 habitata
649 665 810 716 mapalia
825 665 955 703 tectis?

55 801 95 830 lia
108 807 226 840 captat,
239 809 342 842 potest
362 810 481 834 tentare
494 804 622 846 jubebo,

56 853 93 875 ut
106 857 136 877 v.
155 848 219 876 300
229 848 345 888 jubeo,
364 852 429 890 295
450 851 548 887 edico,
566 854 622 887 IV,

58 893 124 927 264
145 894 294 924 suadebo.
315 897 353 924 Et
377 898 493 936 recepit
512 897 624 939 jubebo

56 938 179 969 Wakef.
200 942 332 976 —334.
360 943 491 971 Sacrum
516 954 626 972 nemus

57 994 105 1023 pr.
119 986 234 1015 Moret.
249 986 389 1017 Parrhas.
412 988 498 1018 Leid.
511 1000 528 1017 a
541 1000 623 1020 man,

58 1040 117 1060 sec.
133 1038 162 1060 et
179 1033 222 1061 sic
236 1033 321 1062 Gud.
336 1033 395 1063 Sed
407 1035 441 1063 in
454 1035 505 1063 tali
518 1036 625 1074 positu

59 1076 269 1116 epithetorum
296 1087 447 1119 perpetua
468 1089 624 1120 permuta·

59 1123 114 1151 tio.
132 1124 213 1152 Atra
227 1131 258 1153 et
271 1132 342 1153 arta
355 1136 414 1165 pro
426 1137 518 1155 sacra
531 1127 622 1157 codd.

59 1178 107 1208 ap.
118 1168 242 1200 Colum.
255 1171 276 1200 l.
290 1181 316 1201 c.
331 1172 461 1201 Incubet
473 1173 621 1202 Rottend.

57 1220 129 1244 tert.
144 1222 175 1244 et
198 1217 263 1246 Erf.
282 1219 455 1248 ——ZVemus
480 1219 623 1254 ada-ubet,

60 1260 176 1297 adstet,
198 1263 233 1291 in
257 1264 437 1304 propinquo
458 1266 552 1294 situm
575 1267 627 1303 sit,

60 1307 204 1346 inprimis
229 1309 255 1337 si
276 1310 309 1338 in
328 1310 410 1340 clivo
430 1312 485 1347 sit;
501 1318 537 1340 ut
555 1322 624 1352 sup.

61 1363 92 1382 v.
124 1354 186 1388 145
201 1364 304 1383 saxea
316 1356 467 1394 procubet
493 1357 602 1386 umbra
615 1366 627 1386 τ

62 1399 122 1428 nisi
147 1400 281 1429 accubat
300 1402 483 1441 simpliciter
516 1404 628 1444 accipis

55 1446 221 1484 procubat,
233 1448 291 1475 sita
304 1454 365 1483 est;
379 1455 414 1478 ut
426 1448 509 1489 apud
518 1451 627 1481 Horat.

61 1492 127 1528 IV,
141 1493 242 1522 Carm.
262 1503 312 1529 12,
332 1494 382 1524 18.

111 1538 301 1569 335—338.
318 1541 400 1569 Tum
414 1542 506 1581 potui
522 1552 629 1583 greges

59 1583 176 1614 iterum
194 1585 351 1615 educendi
366 1593 396 1615 et
411 1588 558 1627 pascendi
576 1599 628 1617 us-

61 1640 122 1670 que
139 1631 178 1659 ad
193 1642 295 1660 serum
306 1633 487 1672 Vesperem.
507 1635 546 1664 cf.
559 1634 629 1664 Cal-

60 1685 156 1715 purn.
173 1678 216 1713 V,
233 1678 275 1707 60
293 1688 338 1717 sq.
363 1685 394 1707 et
406 1690 501 1720 supra
521 1680 629 1709 lauda·

62 1727 120 1752 tos.
139 1724 260 1752 Tenues
280 1725 464 1764 simpliciter
482 1733 591 1763 ornat,
611 1737 628 1756 a

61 1773 174 1797 natura
188 1780 343 1809 aquarum
359 1772 504 1810 petitum.
519 1772 632 1815 Reficz't

62 1813 187 1843 roscida
201 1816 289 1852 luna,
299 1815 331 1846 h.
345 1827 396 1846 ros
411 1818 536 1855 cadens,
552 1818 628 1848 dum

61 1858 138 1888 luna
146 1860 242 1897 lucet,
252 1869 362 1898 noctu3
372 1862 548 1903 adscriptus
556 1864 627 1894 vul-

63 1906 129 1944 gari
156 1907 300 1945 opinioni
334 1907 419 1937 lunae
430 1931 438 1945 ,
478 1916 628 1949 tanquam

64 1960 175 1980 causae.
190 1953 274 1981 Hinc
289 1953 368 1982 illud
379 1976 387 1990 ‚
403 1955 491 1994 quod
503 1955 542 1984 ab
556 1956 627 1985 Aie-

55 2006 154 2036 ‚mane
178 1997 217 2026 de
240 2009 310 2028 rore
338 1998 458 2029 dictum
482 2000 628 2031 laudatur

63 2042 103 2072 ab
130 2044 236 2083 Intpp.
271 2045 333 2085 Ap.
357 2045 517 2077 Plutarch.
539 2049 628 2088 Sym-

62 2099 130 2128 p08.
146 2089 168 2119 l.
185 2091 243 2120 ΙΙΙ.
258 2098 337 2121 extr.
350 2084 399 2122 οἷα
413 2091 477 2127 Διὸς
492 2092 627 2137 θυγάτηρ

63 2133 261 2179 τρέφειμέγα
275 2134 329 2167 καὶ
342 2136 474 2173 Σελάνας
488 2135 568 2174 δίας·
587 2141 630 2170 fe-

62 2180 115 2211 lici
134 2190 313 2214 commento
339 2183 413 2215 facit
429 2195 551 2224 rorem,
575 2184 628 2221 τὴν

1193 679 1240 710 340

677 803 896 847 Apo'eov,J0vis
906 812 936 834 et
950 807 1046 836 Lunae
1060 806 1166 839 filiam.
1179 811 1241 840 Ro-

675 851 800 894 rg'fluam
815 852 923 881 lunam
934 853 968 882 in
983 853 1145 883 Catalectis
1155 856 1242 887 inve-

677 899 744 926 nias
769 909 800 937 p.
829 900 905 937 239.
943 898 1060 929 Contra
1087 901 1243 932 sideribus

677 943 831 973 tribuitur
866 945 906 973 ab
937 944 1004 974 aliis
1029 945 1141 976 humor
1166 947 1220 978 ille
1231 972 1241 987 ,

678 1000 770 1028 quem
786 990 904 1019 serenis
921 998 1009 1019 asera
1023 1001 1133 1022 rorant
1145 994 1242 1024 nocti-

678 1034 742 1065 bus.
766 1036 911 1076 Pervigil.
936 1038 1017 1068 ven.
1038 1049 1091 1069 20.
1115 1041 1158 1069 Ea
1175 1042 1242 1081 ipsa

678 1080 716 1110 de
731 1091 801 1110 rore
817 1088 847 1111 et
861 1089 1020 1112 nocturno
1035 1084 1168 1116 humore
1187 1087 1244 1117 oh-

677 1129 812 1157 servatio
845 1128 919 1157 fecit
950 1128 1035 1158 haud
1063 1131 1159 1162 dubie
1170 1155 1178 1170 ‚
1208 1140 1244 1163 ut

677 1175 799 1203 Lunam
814 1174 903 1203 deam
919 1172 1054 1218 γόνιμον,
1074 1178 1185 1207 almam
1199 1190 1246 1209 ro-

679 1230 751 1248 rum
764 1227 893 1249 matrem
906 1244 914 1258 ‚
942 1222 1116 1254 crederent.
1136 1224 1247 1255 Litora

680 1273 834 1295 resonant
851 1267 1047 1306 Alcyonem‚
1069 1269 1101 1299 h.
1127 1271 1247 1311 Alcyo-

680 1312 729 1341 nis
750 1319 879 1342 cantum
893 1322 900 1343 :
917 1322 1094 1345 menioratae
1108 1317 1171 1354 jam
1186 1318 1244 1349 Ge.

681 1359 707 1394 Ι,
727 1358 803 1397 398,
824 1359 899 1398 399.
917 1361 1110 1391 ΑεαῖαηιΙιίς
1122 1374 1181 1403 pro
1197 1374 1246 1393 ea-

682 1403 753 1432 dem
780 1404 915 1434 habetur
945 1417 1018 1436 cum
1049 1409 1243 1448 Acanthide‚

682 1460 738 1479 seu
752 1450 894 1480 cardueli
903 1474 911 1487 ‚
926 1452 956 1481 le
972 1452 1074 1484 loriot.

730 1498 796 1536 339
817 1508 924 1537 sq.-—-
941 1499 1017 1529 383.
1037 1501 1076 1529 In
1099 1501 1194 1531 saltus
1217 1510 1249 1532 et

681 1552 797 1582 pascua
830 1543 1009 1574 educendos
1043 1557 1107 1576 esse
1141 1558 1248 1590 greges

681 1588 805 1619 dixerat
819 1599 835 1618 a
848 1601 878 1620 v.
893 1592 967 1621 322.
980 1593 1065 1621 Dum
1078 1601 1171 1633 poeta
1189 1605 1249 1624 un-

681 1635 776 1675 dique
799 1643 946 1666 ornatum
966 1639 1097 1668 carmini
1124 1647 1154 1669 et
1181 1651 1249 1681 gra-

681 1682 756 1710 tiam
779 1692 819 1710 ex
842 1684 988 1713 varietate
1007 1686 1136 1723 quaerit,
1157 1693 1194 1715 ut
1209 1687 1247 1716 ad

679 1727 762 1757 hanc
777 1728 1004 1767 pascendarum
1014 1731 1124 1760 ovium
1140 1742 1248 1762 curam

680 1774 827 1813 exemplo
851 1776 981 1813 invitet,
1007 1776 1161 1806 Afrorum
1189 1789 1248 1809 no-

679 1819 811 1849 madum
843 1831 963 1850 morem
988 1830 1158 1859 memorat,
1192 1826 1249 1864 qui

680 1875 737 1905 per
746 1873 843 1895 totam
857 1873 992 1896 aestatem
1006 1878 1104 1908 pecus
1115 1870 1151 1899 in
1164 1870 1250 1900 salti-

681 1911 741 1940 bus
760 1911 898 1948 habent;
917 1920 947 1942 at
969 1921 1079 1943 contra
1105 1916 1170 1955 349
1182 1938 1191 1953 ‚
1212 1917 1248 1947 in

680 1959 995 1997 Septemtrionalihus
1013 1960 1111 2001 plagis
1125 1972 1248 2002 semper

680 2003 716 2032 in
727 2003 857 2033 stabulis
870 2015 966 2044 pecus
982 2007 1174 2039 continetur.
1191 2009 1248 2039 Ce-

681 2055 783 2078 terum
802 2049 890 2080 locus
911 2058 957 2081 est
972 2063 1012 2081 ex
1032 2053 1246 2085 nobilissimis.

731 2096 807 2136 339.
835 2097 944 2136 Libyae
964 2109 1088 2138 pascua
1112 2101 1177 2138 jam
1206 2101 1246 2132 ab

683 2142 822 2172 Homero
836 2143 1002 2180 nobilitata
1016 2146 1130 2187 Odyss.
1145 2144 1176 2186 ὃ,
1192 2148 1245 2178 85.

682 2204 729 2211 --
746 2189 821 2224 340.
836 2191 1003 2231 Mapalia,
1033 2203 1111 2222 casae
1129 2204 1184 2224 seu
1197 2199 1246 2224 tu-

1106 2244 1123 2260 Ὠ

1056 2258 1103 2294 29
