1377 2428
543 81 664 112 LIBER
688 82 745 111 IV.

1169 87 1229 119 407

47 137 147 182 Quin
164 149 250 186 age,
267 145 304 174 et
322 137 403 187 ipsa
421 150 534 177 manu
550 138 667 175 felicis
685 151 774 174 erue
791 137 921 184 silva53

45 199 116 231 Fer
131 196 287 233 stabulis
303 196 494 233 inimicum
511 199 654 248 ignem,
676 208 788 247 atque
804 197 972 235 interfice
989 197 1134 243 messis,
1184 206 1232 230 330

45 258 123 293 Ure
139 265 235 301 sata,
253 265 288 292 et
310 257 470 293 validam
486 257 524 293 in
541 259 627 294 vitis
645 258 777 294 molire
795 257 998 307 bipennem
1015 286 1024 302 ‚

44 318 162 353 Tanta
180 330 270 352 meae
287 317 318 353 si
335 326 370 352 te
389 326 569 366 ceperunt
587 318 698 353 taedia
715 318 846 354 laudis.
866 334 880 349 u

95 379 145 411 At
161 384 280 412 mater
296 376 459 418 sonitum
477 377 640 412 thalamo
656 377 727 413 sub
744 377 907 413 fluminis
924 377 988 413 alti

46 435 167 471 Sensit
185 449 192 469 :
215 449 296 471 eam
313 436 454 472 circum
467 436 614 473 Milesia
630 436 769 472 vellera
786 436 972 486 Nymphae

44 487 274 544 Carpebant,
290 496 391 544 hyali
408 505 534 533 saturo
552 497 675 534 fucata
695 497 838 542 colorc;

43 626 184 654 stua'erac
211 629 302 657 Rom.
323 646 368 650 —-
392 630 467 668 329.
491 629 610 659 Felices

42 671 150 708 silvas,
167 673 293 702 arbusta
315 675 547 705 fructiferarum
562 687 609 705 ar-

42 717 237 748 horum—3
245 720 295 749 30.
307 721 475 750 Inimicum
489 722 593 762 ignem
597 735 610 758 ;

42 763 97 793 diu
112 772 273 801 notatum,
291 766 377 796 bunc
394 779 458 797 esse
473 766 506 798 τὸ
525 765 608 802 ὃῆϊον

42 811 102 852 πῦρ
117 822 166 851 ap.
181 813 309 842 Homer.
329 820 359 842 et
378 814 462 845 alibi.
486 815 609 857 Imm-fi<

43 868 76 884 ce
106 868 237 895 messes,
256 858 360 898 perde.
387 862 609 891 Lucretianum

43 902 195 941 verbum,
216 905 388 944 perimere,
413 918 545 942 necare,
575 909 610 937 in

41 949 294 988 similijunetura
310 951 418 982 dixere
438 954 530 982 etiam
547 954 612 984 alii.

42 1013 88 1017 —
98 997 172 1027 331.
192 999 270 1026 Sam
283 1006 354 1037 post
370 1010 483 1029 messes
497 1007 527 1029 et
537 1010 610 1029 cum

49 1041 161 1072 vitibus
183 1044 293 1081 juncta
316 1056 388 1074 cum
402 1047 542 1075 Mai-tino
564 1046 609 1075 di-

44 1098 93 1116 ces
117 1099 181 1118 esse
209 1089 335 1119 arbores
359 1098 448 1121 satas.
476 1092 609 1129 Mam-e,

44 1133 151 1171 vibra,
177 1136 277 1174 jacta3
294 1144 331 1166 ut
355 1137 542 1168 excidantur
563 1140 608 1168 vi-

43 1186 96 1210 tes.

90 1228 167 1257 333.
215 1228 386 1259 Thalamos
426 1231 503 1260 alter
536 1233 610 1261 Me-

42 1284 110 1314 uag.
127 1273 270 1304 thalamo
294 1276 426 1305 sonitum
443 1278 607 1307 Francian.

40 1319 292 1350 —Adumbrata
305 1321 372 1351 haec
388 1333 428 1352 ex
449 1324 606 1360 Homem,

40 1365 97 1395 ubi
122 1365 231 1397 Thetis
258 1368 292 1396 in
314 1369 379 1398 imo
397 1370 490 1398 maris
508 1369 608 1400 fundo

38 1411 163 1442 luctum
173 1412 307 1443 Achillis
323 1416 461 1444 resciscit
475 1415 563 1446 Iliad.
580 1427 608 1453 σ,

42 1458 83 1487 35
94 1469 140 1498 sq.
159 1459 303 1489 Sonitum
314 1483 323 1496 ‚
343 1462 504 1491 confusam
513 1485 521 1498 ‚
532 1472 611 1491 non-

39 1503 116 1534 dum
149 1504 295 1535 disertam
322 1517 451 1545 vocem,
483 1518 544 1548 qua
573 1507 611 1537 fi-

37 1550 117 1580 linm
141 1562 307 1592 agnoscere
332 1561 446 1594 posset.
463 1556 543 1594 Quae
564 1564 611 1583 se-

38 1604 199 1636 quuntur,
217 1599 401 1629 adumbrata
414 1607 489 1629 sunt
511 1600 549 1629 ad
563 1601 611 1628 vi-

38 1650 100 1672 tam
121 1645 299 1684 priscorum
321 1646 505 1683 hominum3
521 1646 607 1676 sede-

37 1689 114 1720 bant
139 1692 173 1720 in
196 1692 332 1722 thalamo
360 1693 490 1733 puellae,
515 1694 608 1722 etiam

37 1738 145 1777 regiae,
172 1738 381 1768 assidentibus
405 1749 460 1768 seu
486 1740 609 1768 comiti-

37 1782 97 1812 bus
112 1791 144 1813 et
167 1785 354 1825 aequalibus,
380 1795 436 1814 sen
461 1786 605 1822 famulis,

38 1835 73 1858 ut
92 1839 172 1869 opus
184 1830 324 1861 facerent
339 1842 394 1861 seu
411 1832 532 1868 nendo,
552 1842 608 1862 seu

36 1875 191 1913 texend03
218 1887 306 1906 nunc
331 1877 450 1907 deabus
474 1879 607 1918 assigna-

35 1928 104 1950 tum
118 1932 198 1962 opus
217 1933 233 1952 e
251 1923 321 1952 lana
337 1925 587 1963 praestantissima
597 1946 605 1961 ,

34 1967 176 2012 Milesia,
201 1975 238 1998 ut
263 1970 320 2000 Ge.
344 1971 411 2007 ΙΙΙ,
437 1971 498 2008 307
525 1970 606 2001 vidi-

35 2024 124 2050 mus,
157 2015 263 2045 colore
291 2016 436 2046 caeruleo.
455 2033 502 2039 —
527 2018 603 2053 334.

38 2060 166 2090 Vellera
195 2062 393 2102 carpebant,
417 2063 520 2092 lanam
549 2063 606 2093 du-

36 2106 150 2136 cebant
158 2107 228 2138 fuso
239 2130 247 2145 ‚
256 2108 475 2139 nebant—33
482 2110 512 2139 5.
520 2111 553 2139 H
545 2120 607 2149 ya-

36 2153 62 2181 li
79 2154 203 2189 colore,·
220 2154 323 2184 voluit
346 2155 483 2185 colorem
504 2155 607 2193 hyali-

36 2210 112 2230 mcm
128 2201 321 2241 exprimere,
343 2201 374 2232 h.
393 2201 544 2239 viridem,
558 2203 605 2237 vi-

1184 507 1232 533 335

664 636 731 665 tro,
757 628 913 659 viridioris
940 629 1055 658 coloris
1078 635 1154 668 puta
1166 651 1173 665 ‚
1190 630 1230 658 si-

663 676 778 705 milem.
798 676 940 713 Hydas,
968 673 1057 709 ὕαλος
1070 697 1077 710 ,
1100 686 1158 714 pro
1186 677 1231 704 vi-

664 728 713 751 tro
724 745 731 758 ‚
758 732 840 751 nove.
868 722 988 750 dictum
1012 732 1019 751 :
1048 721 1127 749 forte
1154 721 1231 750 dun]

664 769 811 797 Graecum
827 767 961 807 aliquem
982 774 1105 807 poetam
1125 778 1233 807 seque-

663 813 756 844 batur
764 815 916 855 Virgilius
926 837 934 851 ,
948 824 1020 842 uam
1035 824 1076 843 ex
1088 814 1151 842 vita
1165 814 1233 843 vul-

663 862 729 900 gari
745 867 776 889 et
792 861 930 890 tabernis
939 861 1103 889 institoriis
1114 882 1122 896 ,
1140 861 1165 889 si
1180 860 1232 889 vel

663 907 797 936 maxime
808 929 816 943 ‚
827 906 913 946 quod
922 908 1034 946 ignoro
1046 928 1054 942 ‚
1066 905 1157 944 hyali
1167 916 1231 935 vox

662 955 697 983 in
724 954 762 982 iis
790 954 984 992 frequentata
1012 952 1137 988 fuisset,
1164 962 1231 981 eam

663 1010 730 1030 uon
752 998 927 1038 adoptasset
956 1000 1058 1029 Maro.
1088 998 1232 1029 Imitatus

663 1048 784 1076 Auson.
797 1056 868 1074 mss.
887 1045 950 1081 418
966 1044 1122 1074 Caeruleos
1132 1055 1227 1079 nunc,

663 1092 789 1127 Rhene,
819 1091 906 1120 sinus
936 1090 1094 1130 hyaloque
1121 1091 1229 1120 ‘viren-

665 1146 727 1168 tem
754 1138 867 1167 Pande
877 1138 1020 1177 peplum.
1039 1137 1138 1166 Simili
1152 1147 1230 1166 ausu

665 1195 680 1214 a
707 1187 831 1214 Lucret.
850 1186 915 1219 IV,
941 1193 1024 1212 1121
1052 1182 1228 1212 thalassina

663 1231 763 1260 vestis
789 1230 886 1266 dicta,
916 1236 947 1259 et
970 1226 1160 1259 θαλάσσαιαν
1184 1227 1230 1271 μί-

662 1288 736 1319 τραν
767 1278 810 1305 sic
833 1276 946 1305 dictam
973 1282 1054 1315 puto
1082 1286 1130 1315 ap.
1151 1277 1231 1316 Try—

661 1323 770 1363 phiod.
781 1346 789 1359 ,
807 1324 846 1352 33
856 1324 883 1352 3.
901 1324 981 1352 Sunt
996 1323 1092 1362 igitur
1105 1322 1231 1351 vellera

651 1370 770 1412 fucata
780 1392 788 1403 ,
804 1369 875 1398 lana
888 1369 985 1397 tincta
995 1390 1004 1403 ,
1019 1367 1122 1396 colore
1131 1367 1231 1406 hyali,

663 1417 747 1453 vitri,
764 1416 796 1445 h.
815 1415 920 1444 colore
929 1413 1024 1443 viridi
1035 1437 1043 1451 ,
1059 1421 1164 1443 saturo
1175 1436 1183 1448 ,
1197 1413 1229 1443 h.

665 1473 729 1502 quo
748 1463 813 1501 ipsa
834 1461 950 1490 vellera
975 1466 1110 1489 saturata
1137 1467 1230 1495 sunt;

665 1518 739 1537 nam
768 1509 896 1547 proprie
927 1506 1003 1535 lana
1033 1513 1079 1535 est
1101 1513 1228 1541 satura,

666 1564 736 1594 quae
742 1555 813 1583 satis
823 1553 928 1582 colore
938 1552 1059 1582 imbuta
1068 1559 1123 1581 est.
1134 1552 1231 1587 Alias,

665 1600 723 1629 uhi
737 1598 873 1628 vitreum
898 1609 1003 1634 mare,
1022 1598 1144 1627 vitreus
1151 1609 1232 1637 pon-

662 1653 726 1683 tus,
744 1652 775 1674 et
798 1644 909 1674 similia
929 1645 1097 1680 dicuntur,
1122 1644 1161 1673 ad
1178 1655 1230 1674 co-

661 1692 760 1721 lorem
785 1691 953 1720 caeruleun]
976 1697 1115 1729 spectare
1135 1689 1168 1719 id
1184 1692 1229 1719 vi-

663 1738 772 1774 detur3
792 1738 818 1766 si
832 1736 1057 1777 ‘vitreussbns‚
1080 1736 1119 1764 ad
1132 1736 1231 1776 pellu-

663 1784 818 1814 ciditatem
824 1807 830 1813 .
837 1783 976 1812 Vz'lream
991 1782 1101 1811 Circen
1109 1782 1166 1811 alia
1176 1793 1230 1811 au·

661 1831 748 1860 dacia
776 1830 858 1859 dixit
876 1831 986 1859 Horat.
1009 1830 1026 1857 I
1045 1829 1148 1859 Carm.
1168 1839 1203 1866 17
1217 1852 1226 1864 ‚

663 1888 704 1907 20
718 1887 777 1917 pro
792 1876 912 1904 marina
926 1886 934 1912 ;
948 1881 984 1904 ut
1000 1875 1073 1904 alias
1088 1875 1154 1905 deae
1168 1885 1230 1905 ma-

660 1925 738 1957 rinae
763 1923 865 1952 solent
889 1921 953 1950 dici
975 1921 1119 1950 cceruleae
1134 1934 1146 1958 ;
1177 1921 1229 1950 vi-

660 1977 759 2004 treum
772 1976 899 1998 antrum
914 1967 1008 1998 Ovid.
1024 1968 1102 1998 Met.
1117 1970 1158 2005 V,
1175 1967 1230 2003 48,

659 2017 827 2047 Praeiverat
843 2015 998 2050 Corinna,
1019 2024 1091 2066 quae
1109 2011 1229 2043 ὑσίλινον

659 2073 718 2093 πα.
708 2059 764 2091 ἴδοι
784 2061 907 2090 dixerat
931 2071 988 2101 pro
1007 2061 1140 2090 marino.
1164 2059 1230 2089 vid.

660 2111 764 2148 Toup.
775 2108 860 2147 App
871 2107 1079 2137 adTheocrit.
1088 2116 1158 2147 pag.
1175 2116 1229 2143 20,

662 2166 716 2185 21.
740 2153 814 2184 ὑαλο
820 2149 914 2188 ιέίὃς
888 2164 896 2169 -
939 2164 967 2182 7
959 2151 1054 2188 ’πιζε
1042 2163 1068 2181 ι
1093 2160 1168 2182 sunt
1194 2153 1229 2191 in

660 2201 807 2241 Orphicis
826 2200 891 2230 Λιθι
884 2199 956 2229 κοῖ
934 2223 954 2234 ..,
970 2221 978 2236 ,
998 2200 1028 2229 8,
