1377 2428
522 112 643 141 LIBER
667 110 724 138 IV.

30 175 218 214 Instabilis
238 173 380 210 animos
394 169 483 207 ludo
500 167 723 219 prohibebis
739 166 852 202 inani.

1156 102 1171 129 υὲ

1179 110 1219 137 79

1172 169 1218 190 103

31 239 109 273 Nec
125 247 279 284 magnus
296 230 498 282 prohibere
519 228 639 265 labor.
656 230 713 263 Tu
731 224 882 274 regibus
899 223 972 259 alas

33 296 146 345 Eripe
164 309 171 329 :
191 308 266 330 non
284 292 355 329 illis
371 291 569 340 quisquam
585 285 847 324 cunctantibus
865 284 980 320 altum

35 358 95 392 Ire
114 355 204 399 iter,
221 361 284 389 aut
304 350 432 387 castris
449 347 603 385 audebit
621 347 761 382 vellere
777 345 892 393 signa.

33 414 198 451 Invitent
219 410 359 448 croceis
375 409 542 444 halantes
560 405 718 442 floribus
735 404 859 448 horti,

36 477 83 511 Et
98 482 221 510 custos
238 472 364 508 furum
381 478 491 517 atque
509 466 635 503 avium
651 477 737 501 cum
756 464 848 499 falce
868 462 1008 511 saligna

1179 478 1225 491 110

38 529 330 581 Hellespontiaci
345 536 467 566 servet
483 525 599 562 tutela
619 523 757 572 Priapi.

40 597 125 642 Ipse
141 592 311 640 thymum
328 590 510 639 pinosque
530 586 651 622 ferens
669 583 714 619 dc
731 581 922 619 montibus
938 582 1019 618 altis

41 655 155 688 Tecta
172 658 270 686 serat
284 649 356 684 late
373 648 531 689 circum,
552 643 613 679 cui
629 642 715 679 talia
733 654 850 688 curae3

42 715 127 760 Ipse
146 709 275 746 labore
291 719 442 744 manum
465 704 561 740 duro
578 710 694 748 terat3
712 701 791 750 ipse
812 699 944 736 feracis

42 771 149 821 Figat
166 770 282 805 humo
302 768 465 816 plantas,
486 773 522 801 et
542 762 680 800 amicos
696 760 833 809 inriget
852 758 995 795 imbris.
1185 765 1229 789 ωε

96 835 220 880 Atque
241 827 431 877 equidem,
449 834 616 863 extremo
631 822 669 857 ni
683 822 759 871 jam
778 819 848 857 sub
866 819 938 855 fine
953 817 1128 854 laborum

48 1003 82 1021 so
92 1013 100 1028 ,
123 989 211 1030 quod
241 987 411 1017 alvearium
437 984 475 1013 ab
503 983 614 1024 apibus

49 1038 234 1067 destitutum
250 1041 313 1070 est;
330 1042 402 1061 nam
419 1040 516 1070 quum
541 1030 614 1058 assi-

50 1083 110 1112 due
138 1081 299 1116 incolunt‚
316 1075 514 1117 tumsovent,
534 1082 569 1104 ut
585 1085 615 1103 v.

52 1130 92 1165 43
98 1128 210 1169 fovere
231 1126 342 1156 larem.
360 1124 410 1154 Sic
421 1121 562 1163 frigidus
576 1128 618 1149 co-

50 1185 100 1204 ms
121 1184 180 1214 pro
203 1172 310 1202 viduo.
327 1171 409 1201 Nam
424 1178 515 1208 opu5‚
531 1166 618 1206 quod

44 1220 156 1261 fervet,
174 1219 238 1248 huc
254 1217 336 1246 trahi
351 1215 471 1255 nequit.
487 1230 533 1235 -—
545 1213 617 1241 105.

53 1269 92 1296 In
117 1264 246 1295 stabulis
267 1262 384 1292 Medic.
411 1271 428 1289 a
459 1270 502 1289 m.
525 1269 573 1298 pr.
591 1265 621 1287 et

54 1313 118 1341 duo
134 1312 197 1340 alii.
212 1304 544 1339 P1·ohibecisR0ttend.
559 1314 619 1333 sec.

54 1357 207 1391 —thdo‚
227 1366 244 1384 a
259 1354 368 1384 volatu
381 1361 460 1391 vago
475 1357 506 1380 et
520 1352 622 1379 incer-

55 1412 98 1434 to.
121 1421 167 1425 —
179 1402 251 1432 106.
287 1402 332 1429 Tu
361 1397 479 1438 rigidus
508 1397 624 1435 Regius

54 1450 196 1480 Martini.
213 1464 259 1470 -
273 1448 352 1476 Rem
376 1443 507 1473 eandem
530 1442 625 1471 tradit

57 1494 242 1529 Columella,
258 1491 413 1530 simulque
429 1488 558 1518 modum
566 1489 623 1522 tx,

61 1552 112 1578 10,
131 1542 160 1578 3,
177 1547 208 1570 et
224 1541 281 1575 IX,
299 1548 331 1576 9,
351 1537 436 1566 8.-
450 1545 526 1572 107.
538 1532 627 1573 Quis-

57 1597 153 1628 quam
163 1609 172 1622 ,
192 1586 280 1625 quasi
297 1583 335 1612 de
350 1581 504 1611 militibus
518 1580 625 1619 loque-

57 1640 155 1663 retur.
172 1631 283 1661 Altum
301 1628 368 1662 iter,
388 1628 426 1656 de
445 1626 564 1656 volatu.
578 1641 625 1647 ·——-

63 1689 136 1719 109.
157 1673 425 1718 Oleutesfloribus
441 1671 502 1701 orti
515 1673 626 1701 Franc.

59 1732 90 1755 et
118 1734 200 1754 unus
231 1720 385 1752 Arundel.
403 1719 538 1749 Alantes
566 1719 627 1746 Re-

59 1772 139 1811 gius,
162 1786 206 1793 --
223 1768 333 1804 Horti,
354 1767 388 1794 in
416 1764 531 1804 quibus
555 1769 630 1791 sunt

59 1817 153 1846 flores
179 1814 329 1844 halantes.
358 1828 404 1834 ——
418 1821 431 1839 1
442 1820 491 1840 10.
523 1808 630 1838 Custos

52 1861 184 1903 frugum
200 1860 319 1890 Medic.
338 1868 355 1886 a
376 1868 419 1887 m.
435 1867 484 1896 pr.
503 1854 629 1884 Florum

63 1907 160 1937 Goth.
186 1916 246 1935 see.
264 1906 331 1934 Aut
350 1903 453 1932 avium
478 1899 628 1931 Rottend.

62 1964 124 1984 see.
141 1960 173 1982 ec
183 1953 308 1991 Menag.
325 1960 373 1989 pr.
383 1965 428 1970 ——
438 1947 552 1978 Omnia
563 1945 631 1975 haec

39 2020 49 2028 .
63 1999 160 2039 vulgo
169 2004 262 2033 nota3
279 1995 357 2035 quid
366 2002 470 2023 tamen
485 1991 524 2021 ad
540 1992 631 2032 apes?

66 2046 161 2075 dices.
181 2043 306 2074 Scilicet
321 2040 425 2080 Priapi
439 2040 579 2079 signum,
598 2038 632 2066 in

66 2091 165 2121 hortis
180 2089 336 2129 positum,
354 2096 457 2116 arcere
477 2083 555 2113 falce
578 2093 633 2112 sua

67 2138 160 2167 etiam
173 2135 211 2164 ab
227 2133 401 2164 alvearibus
414 2131 507 2166 fures,
518 2136 549 2158 et
562 2139 633 2158 aves

68 2183 180 2224 apibus
195 2180 320 2210 infestas
332 2185 447 2208 terrere
466 2175 566 2206 videri
581 2185 634 2215 po-

70 2235 158 2259 terat.
182 2226 265 2257 conf.
289 2227 400 2256 Horat.
425 2225 486 2254 Sat.
510 2223 544 2260 1,
562 2222 600 2259 8,
615 2227 634 2256 4

667 991 734 1021 sqq.
760 981 840 1009 Eum
865 976 1026 1017 Lampsaci
1051 975 1088 1004 ad
1113 974 1235 1003 Helles—

663 1033 799 1067 pontum
813 1024 1011 1065 potissimum
1028 1021 1151 1051 cultum
1161 1031 1235 1056 esse,

670 1084 728 1102 uec
744 1072 848 1100 minus
872 1075 1003 1099 constat.
1024 1067 1136 1097 Tutela
1151 1066 1237 1095 Pria-

665 1119 721 1159 pi,
748 1128 824 1158 pro,
851 1115 1004 1155 Priap1155
1021 1121 1139 1148 custos,
1166 1122 1237 1152 pro,

671 1174 741 1205 quae
769 1162 906 1193 custodit
928 1161 1037 1190 hortos
1062 1170 1079 1188 a
1103 1158 1237 1193 furibus,

673 1211 818 1240 observat
831 1208 924 1237 fures.

725 1267 737 1285 1
747 1265 798 1284 12.
815 1256 863 1283 De
878 1253 989 1293 thymo
1006 1251 1119 1291 apibus
1135 1251 1242 1290 gratis-

675 1303 753 1331 simo
777 1311 825 1329 res
852 1306 938 1328 nota.
962 1299 1115 1338 Loquitur
1140 1303 1242 1325 autem

675 1355 767 1388 poeta
779 1349 941 1377 Romanus
963 1344 1001 1373 de
1025 1354 1074 1381 eo,
1091 1343 1146 1382 qui
1158 1352 1243 1370 nunc

677 1393 800 1432 thymus
830 1390 1002 1431 capitatus,
1033 1391 1067 1419 in
1095 1388 1184 1417 Italia
1215 1394 1246 1415 et

679 1440 798 1469 Graecia
815 1437 1092 1476 frequentissimus,
1107 1434 1147 1464 cf.
1165 1435 1245 1463 Mar-

677 1487 736 1515 tin.
754 1486 885 1523 Semper
895 1481 1005 1512 virens
1014 1480 1112 1521 pinus
1127 1489 1246 1509 memo-

678 1538 765 1560 ratur
781 1531 875 1559 etiam
886 1528 1010 1558 Colum.
1022 1528 1080 1563 IX,
1091 1532 1120 1562 4,
1134 1536 1164 1562 2,
1173 1533 1203 1555 et
1215 1526 1245 1561 5,

680 1578 718 1613 63
736 1583 801 1606 erat
822 1581 926 1604 autem
949 1573 1002 1602 issa
1023 1572 1181 1602 veteribus
1202 1573 1247 1600 'm-

679 1630 726 1652 ter
741 1623 904 1651 hortenses
926 1619 1070 1655 arbores,
1086 1625 1122 1647 ut
1137 1618 1188 1647 vel
1209 1628 1249 1646 ex

681 1669 747 1698 Ecl.
767 1668 831 1696 VII
843 1689 851 1703 ‚
870 1666 912 1695 65
925 1687 932 1701 ‚
955 1665 1012 1694 ubi
1031 1675 1062 1694 v,
1079 1664 1201 1701 Heius„
1220 1671 1250 1692 et

680 1715 737 1744 inf.
760 1724 791 1742 v.
822 1718 881 1747 141
907 1717 1012 1751 patere
1033 1716 1147 1750 potest.
1165 1710 1249 1739 conf.

683 1759 793 1790 Cerda.
822 1775 865 1780 -—
887 1768 900 1786 1
911 1757 960 1786 15.
990 1754 1098 1786 Amici
1128 1755 1248 1790 imbres,

683 1816 763 1846 aqua
778 1816 818 1834 ex
835 1804 921 1833 fonte
939 1808 992 1831 aut
1008 1801 1117 1830 fluvio.
1133 1801 1253 1841 Irrigat

684 1851 805 1885 imbres,
823 1849 890 1879 scil.
905 1849 1030 1888 plantiS‚
1047 1847 1099 1876 vel
1114 1848 1149 1877 in
1164 1847 1252 1887 plan-

684 1905 747 1934 tas,
771 1895 975 1936 exquisitius,
996 1903 1092 1933 'quam
1114 1893 1251 1933 vulgare,

686 1943 798 1984 irrigat
814 1941 947 1981 plancas
965 1938 1120 1970 imbribus
1138 1942 1208 1970 AEn.
1226 1940 1252 1975 Ι,

686 1990 749 2028 691
764 2011 772 2025 ‚
790 1990 894 2017 Venus
919 1985 1061 2015 Ascanio
1086 1985 1253 2025 placidam

684 2045 742 2075 per
756 2034 895 2063 membra
909 2031 1045 2072 quietem
1056 2031 1183 2072 Irrigat.

735 2091 749 2109 1
760 2080 810 2110 16.
824 2081 872 2109 De
881 2088 956 2108 cura
969 2077 1056 2107 horti
1073 2077 1200 2107 colendi
1209 2087 1254 2106 ar-

688 2133 871 2168 gumentum
902 2124 969 2153 aliis
1005 2134 1036 2153 se
1075 2123 1254 2164 relinquere

687 2172 885 2202 tractandum
909 2170 1004 2205 dicit;
1017 2179 1111 2210 quam
1134 2175 1255 2209 partem

688 2219 835 2260 deinceps
852 2215 1025 2250 Columella
1047 2215 1131 2246 libro
1153 2217 1184 2246 X
1205 2224 1259 2244 ex-
