1408 2428
594 65 714 94 LIBER
742 65 764 92 Ι.

1214 65 1273 92 143ῑῖ

80 125 172 170 Quis
189 124 267 160 sine
285 136 352 159 nec
368 131 527 172 potuere
544 123 639 167 seri,
656 135 724 157 nec
741 135 895 170 surgere
915 134 1051 159 messes
1070 136 1078 156 ε

80 183 227 227 Vomis,
243 190 279 218 et
299 181 426 218 inflexi
446 180 612 230 primum
631 193 745 230 grave
762 180 882 217 robur
903 181 1041 225 aratri,

80 240 278 290 Tardaque
296 239 479 277 Eleusinae
497 240 626 277 matris
648 240 840 277 volventia
860 241 1043 290 plaustra,

82 299 333 348 Tfibulaque,
350 299 584 349 traheaeque,
601 309 638 337 et
656 300 790 349 iniquo
807 300 973 349 pondere
995 301 1125 346 rastri3

84 361 221 410 Virgea
238 369 421 409 praeterea
440 361 542 397 Celei
560 361 720 410 vilisque
742 361 928 410 supellex,

1233 370 1278 392 165

87 420 265 457 Arbuteae
281 429 400 457 crates
417 430 453 457 et
468 422 625 470 mystica
640 435 785 458 vannus
802 421 928 457 Iacchi
946 436 953 455 :

88 480 224 517 Omnia
240 493 323 529 quae
344 481 463 516 multo
481 489 566 516 ante
587 494 731 517 memor
750 481 903 530 provisa
922 492 1100 529 repones,

89 540 129 576 Si
147 549 183 576 te
204 539 316 589 digna
333 549 460 576 manet
480 540 597 576 divini
615 540 734 589 gloria
751 539 862 575 ruris.

142 599 330 636 Continuo
352 599 389 634 in
406 599 507 636 silvis
527 612 660 649 magna
675 599 713 635 vi
730 599 827 636 flexa
845 598 1019 635 domatur

91 662 134 695 In
150 659 295 703 burim,
313 667 349 695 et
366 660 473 695 curvi
494 660 652 696 formam
669 659 809 709 adcipit
826 659 948 695 ulmus
967 658 1092 694 aratri.
1237 677 1282 698 170

91 799 167 822 rotae
185 793 355 821 etiamnum
370 793 483 832 passim
496 794 655 828 visuntur,

91 840 184 868 etiam
206 839 241 867 iu
260 837 458 868 Lombardia.
483 837 588 867 Cereri
608 848 655 866 sa-

92 895 158 921 cra,
178 884 295 924 quippe
313 894 330 912 a
348 893 411 923 qna
428 885 560 913 omuino
585 893 657 923 ope-

65 921 67 938 *
91 932 133 960 ris
158 930 266 960 rustici
298 930 376 959 ratio
399 929 658 970 profecta‹(non

91 986 166 1006 vero
176 999 185 1011 ‚
203 974 289 1015 quod
302 985 412 1004 eorum
427 986 502 1004 usus
520 977 554 1005 in
564 986 656 1014 pom-

86 1033 136 1062 pa
158 1020 325 1051 Eleusinia
346 1022 526 1062 praecipuus
548 1022 652 1057 fuerit,

92 1075 128 1097 ut
148 1069 229 1097 'mter
255 1069 463 1097 instrumenta
481 1069 594 1109 Orgica
610 1078 656 1097 es-

91 1120 178 1150 sent3
194 1115 229 1142 in
249 1124 364 1154 pompa
387 1115 473 1142 enim
496 1114 656 1143 Eleusinia

93 1160 185 1189 Ceres
202 1160 237 1188 in
257 1160 388 1195 thensis,
413 1159 461 1189 ἐπ’
477 1158 651 1202 ὀχήματος,

91 1205 249 1246 quadrigis
287 1205 427 1235 candidis
468 1205 654 1236 ducebatur.

92 1250 156 1281 vid.
180 1251 346 1291 Spanhem.
373 1251 413 1280 ad
435 1252 556 1282 Gallim.
585 1253 655 1282 Cer.

97 1307 157 1326 122
175 1296 186 1336 )
203 1307 211 1333 ;
247 1297 405 1326 Trebulam
433 1296 471 1327 fit
499 1309 516 1327 e
549 1298 658 1327 tabula

92 1341 249 1382 lapidibus
286 1350 356 1374 aut.
365 1343 457 1384 ferro
487 1351 656 1383 aspera-ta,

93 1399 155 1428 quo
170 1388 262 1429 (quae
272 1387 299 1428 >,
319 1388 465 1428 imposito
480 1389 594 1429 auriga
607 1396 663 1417 auc

88 1433 233 1473 pondere
248 1434 378 1474 grandi,
393 1433 529 1463 trahitur
536 1434 661 1474 jumen-

94 1479 133 1509 tis
154 1479 294 1520 junctis,
323 1486 357 1508 uc
381 1479 530 1509 discuciat
553 1491 570 1509 e
600 1480 662 1519 spi-

94 1536 133 1554 ca
152 1536 269 1566 grana.
287 1528 388 1555 Varro
404 1528 472 1556 RR.
492 1527 526 1561 1,
555 1527 614 1562 52,
634 1537 662 1556 1.

96 1573 179 1601 Usus
210 1573 277 1609 ejus
306 1571 408 1601 adhuc
434 1573 518 1600 inter
542 1574 664 1602 Turcos

94 1617 146 1658 (v.
169 1619 201 1645 V
197 1627 300 1657 oyage
321 1618 361 1646 de
379 1617 464 1646 Paul
484 1619 586 1646 Lucas
593 1617 666 1658 faie

94 1663 177 1693 dans
193 1663 227 1693 la
247 1663 346 1693 Grece
364 1670 423 1693 etc.
444 1669 466 1692 t.
480 1664 512 1698 Ι,
533 1674 564 1703 p.
586 1664 660 1698 182,

95 1709 153 1739 ubi
170 1711 264 1739 etiam
278 1709 378 1738 forma
393 1719 539 1749 expressa
551 1709 573 1749 ).
588 1711 664 1738 Tra-

96 1753 157 1784 lzea
175 1765 199 1785 S.
217 1755 314 1792 traha,
332 1755 469 1785 vehiculi
482 1765 581 1795 genus
595 1757 662 1784 sine

96 1802 193 1837 rotis3
205 1802 312 1842 jungit
328 1811 403 1830 cum
424 1800 546 1831 tribulo
570 1803 662 1831 etiam

99 1846 223 1876 Colum.
239 1848 287 1883 II,
304 1857 343 1876 21
357 1857 365 1883 3
382 1846 454 1877 vide
472 1846 510 1876 de
526 1854 664 1887 utroque

98 1891 212 1923 Scheff.
223 1891 261 1922 de
276 1895 323 1923 Re
337 1892 439 1923 vehic.
456 1894 498 1928 ΙΙ,
518 1904 547 1931 7.
560 1892 666 1923 Rasm'

99 1937 269 1968 admodum
283 1948 395 1978 magno
413 1937 554 1978 pondere
564 1961 572 1973 ,
588 1945 664 1977 puta

99 1984 247 2014 dentibus
279 1984 407 2020 ferreis;
435 1985 511 2012 item
524 2007 534 2019 ,
564 1985 666 2023 pergit

98 2037 210 2071 poeta,
224 2030 345 2070 reliqua
362 2029 522 2069 supelleoe,
540 2040 610 2069 quae
625 2040 666 2058 ex

102 2076 273 2106 viminibus
290 2083 323 2104 ec
340 2075 474 2104 materia
489 2075 615 2112 rustica,
629 2082 667 2104 ut

99 2125 202 2152 Varro
220 2123 262 2152 ait
276 2123 307 2159 Ι,
326 2132 366 2151 22
380 2144 388 2158 ‚
408 2132 434 2157 1,
452 2120 592 2160 adeoque
604 2120 668 2150 vili

100 2167 155 2206 fit;
177 2167 264 2200 Celei
287 2168 473 2208 appellatur,
500 2167 664 2204 Eleusinii,

710 793 801 829 cujus
814 790 916 826 filius,
934 791 1147 829 Triptolemus
1158 814 1165 825 ‚
1187 802 1202 819 a
1223 793 1280 820 Ce-

710 848 788 873 rere,
804 837 944 875 hospitio
960 843 1091 876 excepta
1102 859 1110 872 ,
1128 837 1280 866 sationem

711 883 839 923 frugum
864 889 1027 922 acceperat
1044 892 1051 918 3
1066 881 1130 911 vid.
1155 883 1279 912 Callim.

710 931 831 969 Hymn.
854 930 889 957 in
906 929 976 958 Cer.
996 938 1036 967 97
1064 939 1110 968 sq.
1133 935 1164 957 et
1181 929 1281 969 Apol-

710 975 776 1004 lod.
796 976 827 1012 I,
846 975 885 1012 5,
907 985 934 1004 1.
958 974 1153 1004 Referuntur
1175 982 1282 1004 autem

709 1021 748 1050 ad
766 1021 852 1050 illam
868 1020 1097 1061 supellectilem
1109 1042 1118 1056 ,
1135 1027 1238 1050 crates
1251 1028 1282 1049 et

709 1077 851 1104 vannus,
870 1068 962 1105 cujus
980 1077 1053 1096 usus
1067 1068 1181 1096 eratin
1197 1077 1279 1105 mys-

709 1113 795 1143 teriis
804 1114 972 1143 Eleusiniis
981 1124 989 1149 ;
999 1112 1186 1152 portabatur
1197 1113 1297 1149 enimi

709 1161 742 1188 in
757 1170 873 1199 pompa
884 1158 999 1196 Iacchi,
1007 1169 1078 1198 quae
1088 1165 1174 1188 certo
1187 1159 1281 1188 Eleu·
1298 1152 1306 1183 Ἴ.

708 1206 864 1235 siniorum
879 1204 929 1234 die
947 1215 988 1235 ex
1008 1205 1171 1235 Ceramico
1187 1205 1280 1234 Eleu-
1304 1199 1309 1235 ζ

710 1252 810 1280 sinem
820 1251 1006 1280 ducebatur.
1016 1251 1055 1280 cf.
1063 1252 1183 1281 Meurs.
1192 1250 1283 1279 Eleu·
1302 1243 1306 1257 ¹

712 1298 771 1326 sin.
795 1308 862 1337 cap.
889 1308 942 1334 27.
972 1296 1120 1326 Ceterum
1150 1295 1282 1324 Hesiodi

711 1342 822 1371 locum
839 1349 912 1371 ante
934 1342 1045 1371 oculos
1059 1340 1196 1370 habebat
1211 1342 1282 1369 Vir-

714 1388 807 1428 gilius
829 1399 869 1416 ex
890 1381 966 1430 ᾗργ.
986 1388 1050 1422 423
1074 1397 1140 1426 sqq.
1166 1386 1282 1417 Obser-

715 1433 816 1462 vanda
829 1444 958 1473 quoque
973 1434 1008 1461 iu
1024 1443 1070 1462 vs.
1091 1433 1153 1461 160
1168 1433 1283 1461 variata

715 1479 849 1508 formula
860 1480 1008 1507 transitus
1021 1477 1060 1506 ad
1075 1477 1160 1506 aliud
1176 1488 1282 1507 rerum

716 1531 821 1564 caput.
848 1527 983 1553 Potuere
1008 1534 1052 1553 vs.
1083 1523 1142 1553 161
1176 1524 1284 1553 aoristi

716 1569 812 1600 modo
827 1569 970 1610 possunt.

767 1616 840 1654 167.
864 1615 1002 1645 Praevisa
1028 1614 1113 1645 Leid.
1143 1625 1204 1644 sec.
1238 1633 1282 1638 ——

717 1664 865 1702 [ἔρροντας
877 1661 994 1691 Medic.
1023 1667 1088 1699 274
1100 1684 1108 1698 ‚
1124 1661 1217 1691 Pierii
1228 1683 1236 1697 ‚
1253 1669 1285 1690 et

718 1708 770 1737 alii
796 1719 846 1748 ap.
875 1709 982 1737 Burm.
1008 1724 1054 1729 ——
1077 1709 1126 1737 Ex
1153 1707 1283 1736 Hesiod.

716 1747 793 1797 ἓργ.
823 1754 885 1791 457
914 1756 973 1783 τῶν
1001 1751 1128 1795 πρόσθεν
1155 1751 1283 1793 μελέτην

717 1799 826 1842 ἐχέμεν
839 1823 847 1837 ,
874 1797 978 1832 nimii&
1007 1798 1119 1829 θέσθαι.
1146 1799 1280 1833 fllemor,

716 1845 885 1886 providus,
908 1852 946 1875 ut
967 1845 1044 1874 ibid.
1070 1856 1101 1874 v.
1120 1850 1184 1879 422
1206 1853 1284 1885 μεμ-

717 1891 852 1933 νημένος,
866 1901 933 1921 non
946 1892 1094 1920 omittens
1110 1896 1140 1919 et
1158 1889 1286 1919 oblivis-

718 1947 791 1966 cens
805 1947 813 1967 :
831 1938 870 1966 cf.
888 1936 1013 1966 Colum.
1030 1937 1056 1972 Ι,
1068 1936 1098 1972 3,
1111 1936 1141 1965 8.
1156 1935 1285 1964 Provisa

718 1993 859 2022 νεροηεε,
876 1990 984 2012 ornate
997 1992 1055 2022 pro
1065 2004 1074 2017 ,
1091 1981 1284 2021 providebis.

718 2046 764 2051 -—
783 2029 857 2059 168.
875 2030 907 2059 Si
921 2030 993 2057 satis
1004 2038 1147 2068 magnam
1157 2038 1196 2057 ex
1209 2038 1283 2067 ope-

720 2086 751 2104 re
768 2081 799 2104 et
812 2086 845 2104 re
864 2076 974 2115 agresti
991 2074 1116 2104 laudem
1132 2075 1284 2112 consequi

719 2122 819 2161 cupis.
837 2120 949 2150 Divim'
960 2120 1048 2156 ruris,
1062 2127 1099 2150 ut
1113 2119 1198 2156 θεῖος,
1208 2115 1284 2156 ὃῐες,

713 2167 887 2207 praeclarus
895 2179 908 2203 ;
923 2177 963 2197 ex
976 2178 1062 2197 more
1076 2165 1236 2207 loquendi.
