1408 2428
570 58 741 88 ECLOGA
766 59 791 88 Ι.
1242 70 1255 89 1
1266 61 1282 87 ἤ

79 123 127 157 Et
141 119 291 169 penitus
308 128 388 156 toto
405 118 546 155 divisos
563 117 657 154 orbe
674 117 886 153 Britannos.

80 184 153 226 En,
170 194 337 230 unquam
353 180 495 230 patrios
512 179 624 228 longo
641 188 727 228 post
743 188 914 227 tempore
931 178 1033 225 finis,

79 241 259 290 Pauperis
277 251 313 278 et
329 239 459 290 tuguri
477 249 696 289 congestum
713 239 854 288 cespite
871 239 1019 292 culmen
1030 267 1040 285 ,

79 305 165 339 Post
182 302 344 351 aliquot,
361 314 443 338 mea
459 314 575 351 regna
589 300 740 345 videns,
758 299 940 345 mirabor,
958 301 1117 338 aristas?
1253 317 1282 342 70

79 362 209 411 Inpius
227 362 307 398 haec
322 372 398 399 tam
415 362 512 399 culta
531 361 680 397 novalia
696 361 802 398 miles
818 360 1002 397 habebit?

78 422 267 459 Barbarus
284 422 351 459 has
368 425 535 472 segetes?
553 425 626 467 En,
645 435 721 471 quo
739 421 929 459 discordia
945 420 1038 457 civis

78 481 261 519 Produxit
278 483 454 519 miseros!
473 486 547 528 En,
565 482 649 531 quis
667 481 904 519 consevimus
920 484 1048 530 agros!

77 613 152 650 xin,
176 616 316 644 Eaxem.
339 615 447 643 Oaxes
458 615 558 645 Cretae
577 613 654 644 fluv.

77 661 196 690 nemim·
222 668 413 691 memoratus
427 683 434 697 ‚
461 668 575 700 praeter
596 662 653 690 Vi-

77 707 167 736 bium
192 710 408 747 Sequestrem,
428 706 510 736 forte
533 719 574 737 ex
591 707 653 737 hoc

77 754 144 794 ipso
172 753 255 783 loco.
274 755 395 790 Fuere,
421 754 477 792 qui
505 755 652 783 Ama-em

76 801 189 840 reponi
208 800 338 829 mallent
362 810 369 830 :
395 800 446 828 alii
471 801 579 829 Oxum
602 800 651 828 in-

76 846 183 875 ferunt
223 856 311 875 nunc
357 855 373 873 a
416 846 548 874 Marone
585 846 651 875 sine

76 892 222 932 exemplo
239 891 362 921 dictum
387 892 526 921 Oaxum.
544 893 650 921 Excu-

75 948 179 968 semus
193 945 336 978 poetam,
353 948 448 978 quem
464 948 531 968 non
544 937 650 968 defen-

75 984 149 1014 dere
163 985 263 1014 ausim
277 994 284 1015 :
299 983 419 1014 sufficit
438 984 575 1014 fluvium
589 984 650 1014 hu-

72 1031 124 1069 jus
142 1032 281 1061 nominis
299 1032 333 1060 in
346 1031 450 1061 insula
461 1032 552 1061 Creta
566 1042 630 1061 esse
642 1055 650 1068 ‚

76 1079 168 1115 cujus
182 1078 378 1108 mentionem
393 1077 445 1107 hjc
461 1076 531 1107 fieri
546 1080 652 1108 minus

74 1123 252 1155 mirabitur.
274 1125 422 1155 Ceterum
433 1147 442 1161 ,
459 1131 544 1154 totus
561 1125 652 1154 locus

74 1170 195 1200 alienus
220 1182 236 1200 a
256 1172 412 1211 pastoritii
437 1172 583 1200 carminis
602 1172 650 1200 in-

73 1216 163 1249 dole:
186 1227 245 1247 nec
271 1217 366 1247 modo
395 1218 547 1258 tragicum
573 1217 652 1258 quid

73 1263 188 1302 spirat,
202 1264 354 1304 (Lyricus
370 1264 452 1292 dixit
465 1264 593 1293 ultimos
607 1273 653 1291 or-

73 1308 120 1337 bis
136 1308 311 1338 Britannos
329 1311 360 1345 Ι,
383 1310 442 1345 35,
459 1309 523 1349 ²9)
540 1319 650 1338 verum

31 1365 39 1374 ·
74 1353 152 1384 adeo
194 1351 434 1398 ἀπροσδιόνυσον
453 1366 462 1391 ;
488 1354 651 1394 quomodo

74 1401 160 1429 enim
186 1408 348 1440 pastores,
376 1412 450 1442 agro
474 1402 651 1431 Mantuano

75 1446 185 1484 ejecti,
203 1454 344 1476 armenta
359 1457 415 1476 sua
437 1453 578 1487 agentes,
595 1456 652 1485 per

76 1491 215 1522 Africam
232 1499 263 1522 et
276 1492 437 1533 Scythiam
459 1502 577 1528 errare,
598 1498 652 1521 aut

75 1539 268 1568 Britanniam
281 1545 312 1568 et
322 1539 446 1569 Cretam
462 1538 579 1567 insulas
598 1537 651 1566 ad-

73 1585 120 1614 ire
151 1586 321 1625 poterant?
352 1585 514 1624 Expressit
547 1591 652 1613 tamen

74 1630 183 1662 locum
196 1632 320 1662 Nemes.
338 1631 458 1673 Cyneg.
480 1631 535 1669 67.
556 1630 611 1660 68.

121 1679 176 1708 68.
194 1679 247 1707 En
261 1688 403 1718 unquam
418 1688 478 1718 pro
493 1687 650 1717 unquam-

74 1735 125 1755 ne.
141 1724 198 1755 ins.
213 1725 279 1755 Ecl.
296 1726 392 1761 VIII,
411 1736 426 1762 7
446 1725 498 1753 En
517 1723 577 1753 eric
591 1734 649 1753 un-

74 1782 171 1811 quam
194 1771 255 1801 Ille
276 1771 354 1802 dies.
380 1771 520 1800 Illustrat
539 1771 648 1801 Heius.

76 1817 115 1846 ad
133 1817 166 1848 h.
189 1818 210 1848 l.
231 1819 337 1858 Intpp.
357 1819 424 1848 Liv.
449 1818 575 1854 XXIV,
599 1823 649 1852 14.

74 1865 187 1902 XXX,
205 1875 259 1894 21.
273 1882 319 1886 --
337 1874 389 1904 70.
409 1863 516 1905 Vulgo
536 1862 653 1893 aristas

75 1909 114 1939 de
136 1910 225 1939 an‘nis
249 1912 367 1951 exponi
392 1916 506 1940 notum
533 1916 588 1940 est.
614 1911 652 1939 In

74 1956 162 1985 hunc
178 1967 303 1986 sensum
315 1959 379 1995 jam
396 1956 588 1986 Claudianus
601 1966 651 1985 ac-

74 2004 193 2043 cepisse
221 2002 365 2039 videtur,
395 2004 451 2042 qui
479 2004 525 2032 IV
556 2002 649 2032 Cous.

75 2050 198 2079 Honor.
236 2050 299 2087 372
334 2048 476 2077 decimas
507 2059 652 2078 emensus

73 2095 190 2125 aristas
208 2095 298 2125 dixit.
315 2096 389 2125 Huc
406 2096 499 2124 etiam
513 2094 649 2128 Rhiani,

44 2174 51 2183 ι
75 2139 214 2184 χείματοί
225 2152 258 2172 τε
275 2139 366 2176 ποιάς
379 2151 413 2171 τε
424 2136 488 2170 δύω
503 2137 558 2170 καὶ
573 2138 650 2171 ἐίκο-

76 2198 105 2218 αι
129 2186 250 2227 πάσας,
268 2188 415 2219 advocari
431 2194 580 2228 possunt,
598 2197 646 2228 ap.

711 616 841 644 Pausan.
864 615 925 650 IV,
956 624 992 651 17
1015 619 1096 643 extr.
1112 613 1283 645 Enimvero

710 671 782 690 mea
813 670 912 701 regna
940 659 1157 697 subjiciuntur
1169 661 1285 700 patriis

696 706 821 748 finibus
839 718 869 736 V.
887 706 948 743 68,
966 717 1000 735 ac
1022 705 1145 746 tugurio
1164 718 1193 736 v.
1219 708 1283 747 69,

707 760 738 782 et
759 752 886 782 eosdem
908 762 997 793 agros
1019 758 1049 781 et
1072 754 1283 791 possessiones

706 799 812 828 miseri
839 798 983 828 Meliboei
1012 797 1164 827 denotant
1179 810 1187 831 ;
1215 799 1283 829 haec

705 846 811 885 itaque
829 844 940 874 videns
955 852 1046 884 post,
1074 844 1204 883 posthac
1221 845 1283 886 (ex

705 903 736 922 v.
764 892 806 920 68
837 891 934 932 longo
949 899 1024 931 post
1045 890 1222 931 tempore),
1249 892 1280 923 h.

705 937 834 978 quando
872 949 925 968 eos
963 936 1132 978 aliquando
1166 939 1282 967 iterum

706 984 866 1025 adspicere
893 984 971 1013 mihi
995 984 1177 1024 continget,
1201 994 1283 1014 rarae

707 1031 740 1060 in
761 1031 825 1061 illis
843 1031 950 1061 aristae
975 1030 1100 1071 aliquot
1113 1030 1211 1059 oculis
1230 1041 1280 1060 oc—

706 1086 832 1107 current
842 1081 858 1107 :³
877 1077 912 1106 Ιιὶ
927 1084 993 1106 tam
1016 1076 1094 1106 culti
1114 1077 1188 1117 agri
1201 1076 1212 1117 (
1223 1088 1280 1106 no-

706 1123 792 1153 valia
802 1124 883 1153 dixit
894 1135 924 1153 V.
939 1134 953 1161 7
965 1134 976 1153 1
992 1123 1190 1163 omninopro
1203 1124 1282 1163 agris

706 1169 894 1210 quibusvis)
909 1180 972 1209 per
993 1179 1087 1199 novos
1108 1179 1178 1197 suos
1197 1169 1282 1198 colo-

707 1228 764 1245 nos
783 1216 897 1246 inculti
910 1213 1284 1257 neglectiquejacebunt?

717 1263 775 1303 —[
792 1263 950 1301 Intelligas
969 1262 1102 1291 omnino
1116 1261 1209 1301 (post
1221 1260 1283 1290 ali-

706 1316 783 1348 quot
795 1307 927 1346 aristas)
938 1314 1009 1346 post
1018 1307 1139 1346 aliquot
1149 1316 1266 1335 messes
1275 1329 1284 1343 ,

706 1364 821 1389 annos,
838 1353 904 1382 scil.
916 1354 1078 1381 nonenim
1096 1362 1165 1391 spes
1181 1353 1284 1381 omm's

705 1399 825 1429 excidit
845 1398 1002 1428 exsulanti
1022 1408 1080 1427 sua
1097 1408 1214 1438 regna,
1233 1398 1283 1427 vel

706 1445 804 1486 longo
815 1452 891 1484 pose
911 1452 1066 1484 tempore,
1089 1442 1282 1483 revisendi.]

706 1493 744 1520 In
759 1490 964 1531 sequentibus
979 1497 1071 1530 poeta
1086 1490 1136 1518 sui
1150 1489 1280 1519 oblivis-

707 1539 789 1566 citur
806 1547 813 1567 :
830 1543 952 1577 pastor,
970 1537 1023 1564 cui
1038 1546 1135 1575 pecus
1150 1545 1280 1575 pascen-

706 1584 783 1613 dum
806 1590 888 1619 erat,
911 1582 949 1611 de
971 1581 1146 1623 segetibuS,
1163 1581 1201 1611 de
1223 1592 1280 1622 po-

707 1641 834 1660 morum
854 1629 1019 1665 insitione,
1039 1627 1078 1657 de
1094 1628 1186 1658 vinea
1209 1629 1280 1668 agit.

704 1694 750 1700 υ-
762 1689 777 1716 7
788 1688 814 1707 1.
833 1675 960 1716 Inpius,
985 1675 1155 1705 sceleratus
1166 1697 1173 1711 ‚
1195 1674 1280 1703 nefa-

704 1725 770 1753 rius
788 1733 795 1753 :
815 1729 928 1763 utpote
947 1723 981 1751 in
1002 1721 1086 1751 bello
1103 1721 1199 1750 civili.
1216 1721 1281 1750 Etsi

703 1770 836 1800 omuino
846 1776 1037 1810 perpetuum
1048 1767 1211 1807 epitheton
1221 1772 1282 1796 est:

706 1817 797 1857 inpia
815 1816 910 1846 bella.
929 1814 1034 1855 inpius
1051 1813 1159 1843 hostis.
1177 1811 1282 1853 inpius

706 1864 800 1893 ensis.
842 1869 878 1892 ut
915 1870 1094 1903 synon5ma
1130 1860 1194 1888 sint
1227 1860 1281 1888 τοῦ

705 1919 824 1947 saevus,
850 1908 966 1945 durus,
990 1905 1138 1936 crudelis.
1164 1905 1281 1936 Contra

700 1956 775 1996 pius
799 1962 845 1985 est
866 1955 965 1991 mitis,
983 1952 1188 1983 humanitatis
1212 1962 1282 1981 sen-

705 2012 776 2031 sum
803 2001 933 2030 habens.
950 2017 996 2022 -
1016 2010 1069 2037 72.
1098 1999 1278 2033 Barbarus,

706 2048 806 2085 Galli,
825 2048 958 2087 aliique,
976 2047 1033 2087 qui
1052 2046 1087 2074 in
1101 2044 1282 2087 legionibus

705 2097 924 2125 Romanorum
948 2100 1017 2122 tum
1043 2098 1141 2121 erant.
1163 2109 1209 2113 ——
1227 2091 1280 2129 73.

707 2141 800 2182 Vulg.
812 2139 983 2175 Perduxit,
997 2138 1085 2179 quod
1095 2139 1196 2179 gravis
1206 2147 1281 2166 auc-

702 2189 810 2218 toritas
825 2187 970 2217 vatican.
996 2193 1026 2215 et
1048 2179 1278 2226 Lotfgob.>tuie-
