1408 2428
576 84 699 114 LIBER
725 85 749 112 I.

1210 87 1273 121 145

78 143 183 176 Anne
206 152 347 176 novum
369 139 486 176 tardis
503 139 605 176 sidus
627 149 662 176 te
680 140 870 177 mensibus
891 141 1023 186 addas,

77 201 162 244 Qua
177 199 282 235 locus
299 198 488 248 Erigonen
508 197 606 235 inter
625 198 834 247 Chelasque
854 199 1044 248 sequentis

80 311 237 349 adjectum
266 317 312 340 est
332 321 339 341 :
365 310 508 340 omnibus
531 310 652 340 undis!

129 358 169 387 32
184 375 230 379 --
248 358 300 387 35.
319 356 472 386 Messibus
497 356 546 387 ed.
570 359 652 387 Ven.

81 404 211 433 Novum
223 403 404 443 phantasma
417 426 425 440 ‚
446 403 533 443 quod
547 405 654 433 nescio

39 481 42 483 ,
82 459 121 478 an
143 449 226 490 apud
249 450 442 489 antiquiores
468 457 576 489 poetas
600 460 653 479 oc-

82 502 203 532 curra13
229 501 265 524 ut
293 495 423 535 aliquis,
443 497 499 535 qui
513 506 572 535 pro
596 495 656 525 deo

83 541 132 570 vel
141 541 236 570 heroe
251 541 416 570 habendus
427 548 507 577 erat,
523 542 558 571 in
570 541 657 571 sidus

83 594 233 617 mutetur.
248 587 401 617 Videmus
414 587 582 627 profecisse
592 588 656 626 jam

81 634 247 663 Maronem
257 644 297 663 ex
310 633 507 674 philosophis
515 633 654 663 Alexan-

82 679 181 708 drinis
192 702 200 716 ,
219 681 275 719 qui
291 679 479 709 animalibus
498 679 603 709 sedem
621 681 656 709 in

84 726 172 754 astris
196 726 404 766 assignabant.
426 727 570 755 Ductum
591 736 657 755 esse

83 782 122 800 ex
137 772 174 799 iis
188 772 377 811 opinionum
392 773 577 802 commentis
592 782 658 801 sus-

85 818 182 857 picari
206 818 280 847 licet
304 817 389 847 aliud
416 828 451 847 ea
479 824 568 846 aetate
595 817 656 846 fre-

84 870 269 902 quentalum
280 886 288 900 ‚
319 863 400 893 Julii
434 863 562 893 Caesaris
591 864 656 892 ani-

85 919 167 937 mam
183 919 246 938 esse
264 908 385 938 stellam
403 909 564 945 crinitam,
585 918 657 948 quae

84 955 167 984 ludis
188 954 376 983 funebribus
398 956 433 984 in
459 955 526 992 ejus
548 954 657 984 hono-

86 1012 151 1030 rem
177 1000 266 1030 editis
293 1000 380 1029 fulsit
402 1010 409 1030 :
435 1002 564 1030 Sueton.
589 1001 655 1030 Jul.

88 1048 140 1076 88.
157 1047 224 1077 Nisi
238 1046 304 1076 haec
322 1047 365 1075 ita
381 1046 524 1087 colligas,
539 1047 657 1076 mirum

88 1100 117 1121 et
141 1093 278 1122 insolens
296 1092 397 1122 videri
416 1099 538 1132 potest3
557 1093 657 1123 Caesa-

88 1149 152 1167 rem
170 1140 271 1179 rogari
283 1162 290 1176 ‚
310 1149 350 1168 an
371 1139 445 1168 velit
474 1138 560 1168 sidus
574 1138 655 1176 fien',

86 1195 142 1213 seu
166 1185 250 1214 inter
267 1184 367 1214 sidera
381 1184 575 1225 referri3pro
585 1185 655 1214 vul-

86 1231 167 1271 gari,
184 1232 217 1260 in
233 1231 366 1268 coelum,
383 1232 465 1260 inter
484 1231 657 1268 deos‚reci-

706 322 791 341 num.
806 311 977 348 Subfflius,
997 321 1091 351 quam
1118 321 1178 351 pro
1202 323 1276 353 poe-

706 359 768 387 tica
784 358 997 398 simplicitate,
1013 368 1053 386 ex
1072 357 1213 398 physicis
1229 370 1276 388 ra—

707 404 849 434 tionibus
876 404 1034 433 Halleium
1067 404 1278 444 explicantem

708 451 851 489 sequitur
865 451 1040 485 Martinus,
1062 449 1139 479 dum
1164 451 1216 480 alii
1240 451 1279 481 de

708 495 820 525 diebus
837 497 952 525 aestivis
973 495 1164 536 intelligunt.
1182 497 1279 536 [Rec—

708 543 787 579 tius,
804 548 841 570 ut
859 541 1001 577 videtin,
1018 548 1125 570 noster
1147 543 1277 572 Ruaeus.

709 602 725 613 α
745 589 773 617 T
771 587 882 624 ardos,
900 589 1023 627 inquit,
1043 594 1136 617 vocat
1160 598 1282 617 menses

710 635 850 670 aestivos,
867 635 941 674 qnia
957 633 1022 663 dies
1036 634 1194 663 mensium
1211 634 1282 664 illo-

709 690 782 709 rum
796 679 954 720 longiores
972 686 1063 716 sunt,
1082 686 1112 709 et
1130 690 1217 709 mora
1233 691 1283 710 so-

708 726 747 755 lis
758 727 792 754 in
807 725 973 755 hoiizonte
983 725 1176 756 diuturnior.
1188 726 1282 756 Unde

710 782 831 801 menses
863 770 942 811 ipsi,
973 781 1155 810 quanquam
1184 774 1284 812 reipsa

710 827 776 846 non
794 818 947 857 pigriores
965 818 1092 853 ceteris,
1111 823 1214 846 tamen
1229 817 1283 847 ho-

710 862 870 899 minibus,
891 863 946 902 qui
967 861 1017 891 die
1039 863 1213 902 praesertim
1235 865 1283 892 in—

712 914 758 937 ter
767 919 799 938 se
814 914 927 949 agunt,
949 908 1111 949 longiores
1133 908 1195 938 dici
1210 920 1283 949 pos-

711 961 822 984 sunt.»
840 955 890 985 Sic
916 961 1025 984 contra
1052 954 1178 984 hiberni
1205 955 1285 984 soles

711 1000 864 1030 dicuntur
886 1011 1060 1040 properare
1076 1023 1084 1037 ‚
1112 1007 1143 1030 et
1174 1008 1284 1030 noctes

710 1046 812 1076 tardoe
829 1057 904 1076 esse.
923 1047 1038 1087 Georg.
1054 1048 1084 1075 II
1097 1070 1105 1083 ‚
1131 1046 1225 1086 481.]
1239 1064 1285 1069 ——

714 1093 766 1122 33.
795 1093 866 1132 Qua
890 1093 991 1129 locus,
1019 1093 1051 1122 h.
1070 1093 1153 1122 inter
1177 1094 1283 1134 signa,

710 1139 874 1179 Virginem
885 1146 915 1168 et
925 1140 1091 1179 Scorpium
1101 1161 1108 1175 ‚
1126 1149 1187 1178 qua
1198 1149 1285 1168 nunc

711 1184 802 1214 Libra
818 1191 881 1221 est3
897 1195 967 1224 quae
982 1186 1156 1224 antiquitus
1165 1184 1204 1213 ab
1218 1195 1285 1214 om-

712 1230 807 1260 nibus
826 1231 989 1271 astrologis
1012 1232 1095 1260 inter
1114 1231 1201 1271 signa
1220 1241 1286 1259 non
1302 1260 1305 1266 ,

86 1278 129 1316 pi.
155 1278 209 1306 An
230 1287 341 1306 novum
356 1276 455 1314 sidus,
478 1284 508 1307 et
528 1276 658 1317 quidem

86 1323 119 1351 in
137 1322 273 1352 Zodiaco
284 1345 292 1360 ,
309 1324 390 1353 coelo
405 1334 586 1353 accessurus
606 1325 657 1353 sis.

86 1370 255 1398 Annorum
265 1392 273 1406 ,
288 1371 444 1399 mensium
461 1379 496 1398 ac
515 1369 639 1398 dierum
651 1392 659 1405 ,

710 1276 901 1313 habebatur,
911 1277 1020 1306 locum
1033 1287 1110 1305 vero
1123 1277 1190 1314 ejus
1205 1276 1285 1305 Che·
1300 1297 1307 1319 :-

713 1322 768 1357 lae,
779 1333 834 1352 seu
850 1324 1032 1362 Scorpionis
1046 1322 1174 1350 brachia
1190 1332 1285 1350 occu·
1301 1319 1309 1357 ’ξ

714 1368 831 1408 pabant
844 1378 851 1397 ;
863 1378 928 1407 quo
943 1368 1081 1408 respexit
1095 1370 1138 1397 Ox
1147 1367 1190 1396 id.
1206 1369 1284 1397 Met.
1297 1366 1308 1395 ξ’

87 1424 266 1443 mensuram
281 1415 419 1444 siderum
440 1415 592 1444 decursus
615 1414 660 1443 fa-

88 1460 147 1495 cit3
158 1460 263 1499 itaque
276 1471 400 1489 menses
415 1466 567 1489 memorat
579 1469 585 1489 :
596 1467 660 1488 tar-

87 1505 144 1534 dos
161 1504 243 1534 dixit
259 1507 385 1546 poetico
410 1516 497 1535 more
508 1529 516 1542 ‚
537 1512 661 1535 tamum

88 1558 124 1580 ut
142 1550 282 1591 epitheto
308 1559 451 1587 ornaret;
472 1562 546 1581 nam
567 1553 658 1588 anni,

87 1596 171 1635 dies,
187 1607 324 1634 menses,
340 1597 435 1627 modo
444 1597 549 1638 longi,
564 1597 660 1627 modo

87 1642 214 1679 breves,
232 1642 329 1681 tardi,
348 1643 479 1680 celeres,
499 1654 559 1686 pro
582 1654 658 1673 con-

87 1689 157 1718 silio
178 1696 280 1729 poetae
299 1689 448 1730 appellari
470 1696 604 1729 possunt
624 1700 659 1718 ac

89 1735 201 1765 solent.
235 1735 300 1765 Alii
330 1736 398 1765 aliis
427 1734 528 1765 modis
560 1746 659 1775 expo-

89 1781 285 1817 nunt3inter
310 1781 394 1820 haec,
416 1788 453 1811 ut
480 1781 518 1810 de
546 1781 660 1811 aestivis

90 1825 248 1855 mensibus
271 1829 443 1868 accipiatur
464 1836 473 1857 .·
495 1826 660 1857 subtiliore

90 1882 218 1911 quoque
234 1874 355 1903 ratione
371 1872 589 1902 mathematica
611 1883 659 1903 ar-

91 1918 210 1946 cessita.
239 1919 410 1949 Enimvero
438 1929 599 1948 versamur
625 1920 661 1948 in

89 1970 199 2003 poeta,
233 1965 285 1992 cui
308 1964 408 1994 aestivi
432 1964 500 1993 dies
527 1971 661 2004 possunt

90 2019 155 2038 esse
166 2009 326 2049 longiores
333 2032 341 2047 ,
351 2009 506 2040 tardiores
513 2011 567 2038 vix
575 2020 661 2038 men-

90 2065 148 2084 ses.
177 2056 243 2085 Nec
274 2056 335 2084 nisi
363 2066 422 2095 pro
443 2061 573 2085 ornante
593 2056 658 2095 epi-

90 2100 178 2130 theto
199 2102 319 2141 accipio
333 2112 382 2142 ap.
400 2101 511 2131 Manil.
528 2102 574 2138 11,
593 2111 656 2130 202

91 2157 161 2175 cum
177 2147 226 2176 sol
238 2147 371 2176 adversa
379 2158 442 2187 per
460 2154 547 2175 astra
562 2147 658 2176 AEsti-

92 2203 161 2222 vum
180 2193 279 2222 tardis
297 2194 426 2224 attollat
441 2192 594 2222 mensibus
603 2204 660 2222 αη-

220 2260 249 2293 Ι.

715 1415 762 1449 ΙΙ,
786 1414 902 1453 195——
913 1424 973 1453 197
988 1424 996 1450 3
1012 1415 1072 1442 Est
1085 1413 1172 1442 locus
1186 1413 1218 1442 in
1230 1424 1286 1454 ge-

715 1459 818 1488 minos
837 1459 890 1488 ubi
910 1458 1039 1488 brachia
1058 1467 1214 1488 concavat
1234 1469 1285 1487 ar-

714 1515 767 1534 cus
781 1505 941 1545 Scorpios,
961 1513 993 1535 ec
1011 1505 1288 1547 caudaflexisque

713 1551 870 1591 utrimque
880 1551 1006 1581 lacertis
1019 1551 1161 1591 Porrigit
1169 1551 1201 1579 in
1217 1562 1285 1591 spa-

711 1597 790 1626 tium
806 1597 967 1638 signorum
985 1597 1125 1626 membra
1140 1597 1286 1627 duorum.

713 1645 836 1672 Vacans
851 1645 986 1684 spatium
1000 1643 1113 1673 deinde
1128 1643 1221 1672 Libra
1237 1653 1288 1672 oc—

714 1690 858 1730 cupavi13
874 1691 916 1719 ita
933 1696 970 1718 ut
990 1690 1029 1718 ab
1046 1690 1179 1729 Scorpio
1200 1696 1286 1718 tene-

713 1742 820 1772 retur;
849 1743 886 1765 ut
917 1736 1009 1764 etiam
1039 1745 1223 1777 expressum
1253 1735 1286 1763 in

712 1783 872 1811 Marmme
901 1783 1050 1811 Famesio
1080 1781 1286 1820 conspicitur.

713 1827 815 1857 Librae
830 1829 936 1867 itaque
952 1828 1061 1857 locum
1075 1828 1208 1867 assignat
1217 1827 1286 1856 Au-

712 1880 821 1914 gusto,
838 1880 982 1913 respectu
996 1874 1124 1911 justitiae
1143 1879 1174 1901 et
1190 1872 1288 1911 aequi-

714 1921 805 1956 tatis,
818 1921 909 1957 cujus
930 1919 1112 1959 symbolum
1135 1918 1217 1947 libra
1232 1917 1286 1946 ha-

713 1964 779 1994 bita
794 1971 849 1994 est.
862 1964 962 1994 Simili
977 1965 1050 1993 lusu
1066 1974 1107 1993 ex
1123 1963 1286 2003 astrologi-

714 2011 758 2039 cis
787 2010 963 2039 rationibus
992 2009 1052 2038 suh
1083 2009 1176 2039 Libra
1205 2009 1285 2037 natis

710 2054 826 2094 judicis
853 2062 883 2084 et
906 2055 1090 2096 legislatoris
1115 2055 1285 2084 auctoritas

711 2102 918 2141 promittitur.
938 2103 977 2130 V.
1000 2100 1112 2131 Manil.
1138 2102 1200 2137 IV,
1218 2100 1282 2135 548

712 2157 793 2187 seq.‚
813 2157 908 2187 quem
923 2146 1000 2176 adeo
1017 2147 1151 2187 Scaliger
1168 2146 1207 2176 ad
1219 2148 1286 2177 Au-

713 2200 840 2234 gustum
855 2194 1007 2233 respicere
1031 2193 1172 2233 putabat.
1192 2194 1232 2222 Et
1249 2192 1283 2221 in

1103 2256 1147 2292 13
