1408 2428
595 127 717 156 LIBER
743 127 766 155 Ι.

1216 126 1274 154 1‘31

88 186 132 222 Et
148 183 284 233 passim
302 182 391 218 rivis
412 181 602 218 currentia
619 183 706 218 vina
725 182 901 231 repressit
917 196 925 218 τ

88 247 141 281 Ut
158 244 280 280 varias
298 257 385 280 usus
401 241 619 278 meditando
639 242 863 278 extunderet
880 242 970 279 artis

89 304 304 348 Paullatim,
323 311 358 339 et
378 302 488 339 sulcis
505 301 684 337 frumenti
700 311 886 350 quaereret
906 300 1084 347 herbam;

90 366 142 401 Ut
161 362 272 400 silicis
289 362 392 398 venis
409 361 622 398 abstrusum
639 361 843 397 excuderet
859 361 995 410 ignem.

1236 370 1279 392 155

90 427 195 461 Tunc
212 425 313 460 alnos
331 422 494 472 primum
511 421 616 457 fluvii
633 435 782 458 sensere
799 430 966 467 cavata53

90 484 227 520 Navita
244 491 323 519 tum
344 481 457 518 stellis
476 493 652 518 numeros
669 489 706 518 et
721 481 873 517 nomina
890 481 995 526 fecit,

88 541 277 588 Pleiadas,
297 539 467 590 Hyadas,
488 540 702 590 claramque
717 540 901 590 Lycaonis
918 543 1073 576 Arcton.

92 683 123 706 et
146 673 270 705 silicum
298 674 406 704 attritu
434 673 568 704 elicere:
586 684 659 704 cum

93 722 132 750 ab
163 732 200 751 eo
227 728 350 761 reperto
377 723 519 750 omnium
547 722 660 750 artium

94 769 181 797 initia
200 790 208 804 ,
243 769 408 807 omnisque
434 768 507 796 vitae
537 767 661 796 cultura

94 813 228 843 deducta
255 815 303 842 sit.
332 815 490 842 Hactenus
515 814 596 853 ignis
626 813 660 842 in

94 861 182 888 venis
205 859 329 888 silicum
360 865 508 898 tauquam
533 857 661 887 abscon-

95 905 199 941 ditus,
226 905 387 934 abstrusus
414 904 426 944 (
449 910 486 932 ut
511 914 589 933 mox
614 913 658 933 vs.

100 952 173 987 135,
193 957 223 980 et
239 952 308 980 AEu.
328 951 392 985 VI,
412 959 427 987 7
459 949 573 989 quaerit
583 959 662 988 pars

95 997 217 1026 semina
220 996 371 1038 flammoe
390 994 542 1024 Abstrusa
559 994 590 1023 in
607 1005 663 1023 ve-

97 1042 146 1072 nis
167 1040 312 1082 silicis),
342 1041 435 1070 latuit
460 1050 467 1070 :
495 1037 598 1082 Κρὺψε
627 1036 661 1069 δὲ

96 1091 155 1132 πῦρ
179 1087 306 1118 Hesiod.
330 1080 407 1130 Ϊὲἶργ.
438 1087 490 1116 50.
516 1104 562 1109 -—
588 1087 662 1116 132.

96 1135 178 1165 Rivis
202 1133 357 1163 currentia
381 1132 464 1162 ὐἰηα
481 1143 492 1161 .·
510 1133 543 1163 h.
572 1144 598 1162 e.
622 1133 663 1161 ri-

96 1192 152 1210 vos
167 1181 234 1209 tini
249 1179 392 1209 fluentes.
411 1180 461 1210 Sic
476 1180 599 1219 copiam
618 1180 664 1208 vi-

98 1228 132 1256 ni
160 1226 390 1266 eloquebantur
413 1232 532 1255 veteres
549 1248 557 1261 ‚
588 1226 666 1254 auti-

98 1273 248 1312 quissimo
267 1272 499 1312 phantasmate,
529 1271 567 1300 ad
582 1282 666 1312 mag-

98 1329 170 1348 nam
207 1320 330 1358 copiam
355 1317 594 1354 declarandam,
632 1324 668 1346 ut

98 1365 186 1404 quasi
203 1375 220 1394 e
240 1364 382 1394 fontibus
401 1364 590 1404 quibusdam
608 1363 668 1391 hu-

96 1410 233 1448 jusmodi
257 1410 388 1438 flumina
409 1411 518 1438 vinosa
541 1408 669 1449 prodire

98 1456 249 1486 dicerent.
278 1473 324 1478 -—
355 1456 428 1484 133.
457 1456 571 1485 Omnia
601 1455 669 1484 haec

99 1504 225 1543 Jupiter
258 1503 300 1531 ita
333 1500 512 1530 moderatus
538 1508 599 1537 est,
629 1511 667 1531 eo

100 1549 249 1585 consilio,
265 1555 300 1577 ut
315 1558 373 1576 usu
389 1548 608 1576 invenirentur
624 1557 669 1576 ar-

100 1603 160 1631 tes,
191 1601 289 1634 utque
315 1594 478 1634 ingenium
501 1599 533 1622 et
560 1593 669 1622 indus-

99 1642 190 1670 triam
214 1647 362 1669 acuereut
387 1639 540 1669 homines.
566 1639 669 1669 Medi-

100 1686 215 1723 tando‚
240 1685 432 1722 exercendo,
456 1685 670 1725 experiund03

101 1740 174 1762 uota
207 1743 266 1763 res.
301 1732 340 1761 cf.
374 1731 483 1762 Cerda.
506 1732 671 1761 —stledi-

101 1779 206 1808 cando
237 1789 297 1820 pro
330 1778 517 1807 meditando
544 1779 670 1820 Menag.

103 1825 155 1855 alt.
175 1842 221 1848 —
248 1825 322 1860 134.
343 1823 505 1854 Frumenti
524 1823 670 1861 herbam,

102 1877 180 1900 noto
199 1881 286 1900 more
301 1877 483 1911 poetarum,
498 1881 558 1910 pro
573 1870 671 1901 herba

103 1917 312 1946 frumentacea
321 1939 329 1953 ,
342 1916 375 1946 h.
393 1927 420 1946 e.
435 1916 611 1954 frumento,
625 1928 671 1946 se-

103 1970 191 2004 gete:
207 1963 290 1992 conf.
304 1962 370 1992 Ecl.
385 1964 426 1998 V,
443 1963 496 1992 26.
514 1964 676 2001 Quaereret

100 2008 207 2044 sulcis,
221 2009 358 2037 aratione
367 2007 568 2048 produceret,
584 2018 670 2044 usus,-

105 2061 140 2084 ut
153 2065 213 2084 usu
222 2077 230 2091 ‚
246 2061 326 2090 arte,
340 2060 523 2094 pararentur
538 2053 676 2084 frumen-

105 2108 146 2130 ta.
173 2118 220 2124 --
250 2100 439 2130 133—135.
465 2099 675 2130 Sollennis.in

105 2146 215 2176 eodem
248 2146 359 2176 vocab.
385 2147 526 2175 varietas.
542 2162 589 2168 ·-
609 2146 675 2176 Alii

106 2193 284 2228 euaderet,
313 2192 510 2227 extruderet,
537 2192 673 2222 excude-

107 2246 167 2275 ret,
200 2238 376 2281 exfhderet.
404 2256 450 2262 ——
474 2240 519 2268 Et
535 2239 571 2268 in
586 2245 673 2269 utro-

713 685 774 714 que
791 672 929 704 Gothan.
959 674 998 701 Ut
1015 672 1123 702 lleins.
1147 682 1163 701 e
1180 672 1285 702 melio-

713 721 813 751 ribus.

764 767 838 796 136.
863 767 946 796 Tum
967 767 1105 806 primum
1129 766 1286 806 navigatio

713 813 851 842 inventa.
875 811 987 840 Multis
1014 811 1115 840 modis
1132 812 1285 840 variatum

713 858 895 898 phantasma
909 857 992 897 apud
1006 864 1112 898 poetas
1126 866 1134 887 z
1151 856 1223 886 vide
1237 858 1287 887 Ti-

714 903 792 934 bull.
814 905 844 939 I,
870 904 905 939 3,
927 904 986 940 35;
1002 906 1145 944 Propert.
1167 905 1231 939 ΙΙΙ,
1251 904 1288 939 5,

717 952 776 987 433
793 950 904 980 Manil.
925 951 956 984 Ι,
979 950 1018 987 78
1036 960 1082 989 sq.
1100 950 1169 979 Nec
1183 949 1287 979 ‘vitam

710 997 831 1036 pelago
842 1019 850 1031 ,
869 1006 928 1025 nec
945 995 1053 1025 ventis
1068 995 1194 1025 credere
1209 1003 1288 1025 vota

716 1042 907 1076 Azcdebant;
932 1053 964 1071 se
985 1041 1117 1082 quisque
1134 1042 1211 1072 satis
1233 1053 1290 1071 no-

717 1087 793 1116 visse
803 1087 972 1127 putabant.
986 1088 1167 1128 Legeudum
1182 1088 1289 1118 saltem

717 1144 792 1168 sua;
816 1134 980 1163 Santem'us
1003 1134 1190 1164 emendabat
1207 1144 1215 1164 t
1232 1146 1290 1163 sna

719 1180 850 1220 quisque
859 1179 936 1208 satis
943 1180 1012 1209 sola
1024 1181 1290 1221 nosseputabant.

719 1244 765 1248 -—-
788 1227 920 1255 Sensere
942 1233 1102 1267 tamquam
1127 1237 1210 1256 onus
1234 1238 1290 1256 no-

720 1283 812 1307 vum,
826 1273 885 1312 ipsi
902 1271 1005 1302 adhuc
1017 1274 1127 1301 intacti
1142 1283 1149 1302 :
1164 1283 1223 1313 pro
1236 1273 1290 1301 ha-

721 1318 829 1348 buere.
845 1335 889 1340 —--
900 1319 1022 1348 Almam
1038 1329 1113 1348 vero
1129 1319 1289 1355 nominat,

722 1365 796 1404 quia
835 1364 1029 1404 palustribus
1068 1371 1099 1393 et
1130 1364 1292 1394 littoribus

723 1410 836 1451 gaudet
854 1420 861 1440 :
881 1411 938 1440 Ge.
954 1412 1000 1447 ΙΙ,
1019 1411 1080 1445 45Ῑ
1100 1411 1168 1440 Nec
1185 1421 1249 1439 non
1263 1418 1296 1439 ec

724 1463 892 1485 torrentem
918 1457 1038 1486 undam
1066 1455 1141 1485 levis
1166 1455 1296 1486 innatae

723 1502 816 1532 alnus
827 1502 927 1531 Missa
941 1502 1042 1532 Pado.
1057 1519 1103 1525 —-
1123 1513 1135 1532 1
1145 1503 1197 1541 37.
1216 1503 1295 1532 Stel-

723 1548 772 1577 las
800 1549 925 1589 Menag.
957 1549 1043 1578 alter.
1074 1548 1194 1578 IVavz'ca
1224 1560 1293 1578 cum

723 1594 840 1631 stellis,
863 1593 969 1624 laudat
992 1597 1078 1625 Serv.
1105 1594 1143 1624 ad
1171 1595 1294 1625 AEneid.

724 1642 787 1677 VI,
807 1641 860 1676 64.
878 1643 961 1671 Dum
986 1640 1034 1671 ed.
1060 1640 1172 1671 Norih.
1188 1658 1236 1664 —-
1249 1643 1295 1671 Si-

725 1686 798 1716 dera
812 1687 890 1716 locis
908 1688 971 1716 suis
989 1694 1020 1717 et
1038 1687 1221 1717 nominibus
1238 1698 1296 1716 no-

725 1734 784 1762 tari
811 1743 952 1774 coepere3
987 1740 1213 1763 enumerantur
1242 1744 1296 1762 au-

724 1786 788 1808 tem
802 1790 853 1816 ea,
876 1790 947 1820 quae
962 1786 993 1809 et
1015 1779 1206 1809 lucidissima
1222 1786 1297 1808 sunt

725 1833 756 1855 et
776 1827 859 1855 inter
885 1826 1003 1865 reliqua
1027 1827 1172 1855 omnium
1194 1826 1297 1866 prima

725 1872 904 1908 observata,
929 1872 1136 1911 inprimisque
1153 1871 1194 1901 ad
1211 1872 1298 1900 navi-

725 1919 858 1958 gationis
876 1919 977 1958 prima
997 1917 1127 1947 exordia
1148 1919 1183 1947 in
1203 1927 1297 1947 usum

727 1970 846 1994 vocata.
873 1982 919 1986 —
945 1964 1019 1994 138.
1054 1965 1184 2000 Arctos,
1216 1964 1297 1994 'Ursa

727 2010 842 2047 major,
877 2010 1003 2047 Helice,
1036 2009 1113 2039 olim
1149 2009 1294 2045 Callisto,

728 2055 886 2094 Lycaonis
897 2054 978 2093 filia,
994 2062 1070 2086 nota
1082 2056 1133 2085 vel
1147 2066 1189 2086 ex
1200 2055 1295 2087 Ovid.

726 2102 805 2131 Met.
828 2103 874 2138 II,
896 2102 971 2132 505.
1005 2102 1102 2132 Clara
1121 2113 1198 2132 vero
1219 2108 1296 2131 tam-

728 2157 822 2188 quam
839 2148 925 2177 sidus
941 2158 948 2178 :
967 2154 1005 2177 ut
1022 2159 1092 2189 sup,
1108 2159 1139 2179 v,
1158 2149 1176 2178 5
1190 2147 1298 2178 claris-

725 2193 809 2223 sima
839 2193 952 2224 mnndi
975 2194 1092 2225 sidera.
1121 2195 1191 2226 Nisi
1217 2193 1298 2223 forte

726 2240 878 2282 Virgilius
907 2251 1045 2284 graecum
1071 2251 1198 2271 versum
1228 2247 1299 2269 ante

1076 2318 1089 2341 1
1100 2303 1140 2348 ff*
