1388 2418
447 244 892 313 LECTURIS

559 433 600 475 S.
637 434 684 475 P.
722 434 779 475 D.

320 601 629 655 EDITOR
679 601 1020 656 RECENS.

133 847 410 895 PRIUSQUAM
435 832 438 835 ⁴
456 840 817 887 celeberrimum
857 844 1165 906 interpretem
1202 842 1272 907 ip-

69 941 176 970 sum
196 925 474 987 loquentem
494 924 695 970 audiatis
708 961 718 981 ,
739 935 807 981 et,
829 942 916 989 pro
935 927 1023 971 viri
1047 926 1272 979 candore,

71 1020 385 1072 exponentem
399 1045 410 1065 ‚
432 1009 609 1072 quibus
630 1011 894 1056 rationibus
914 1010 1148 1056 adductus
1163 1046 1173 1066 ‚
1195 1028 1275 1055 no-

69 1111 175 1140 vam
195 1096 410 1158 Virgilii,
450 1106 557 1159 post
586 1106 656 1141 tot
686 1098 969 1160 interpretes
990 1133 1001 1153 ,
1046 1099 1275 1159 interpre-

70 1183 299 1226 tationem
348 1181 541 1227 molitus
586 1181 756 1239 fucrit3
797 1183 973 1246 quibus
1018 1185 1277 1228 instructus

71 1268 255 1312 auxiliis
273 1277 457 1313 tantum
478 1284 600 1331 opus
618 1266 762 1312 fuerit
781 1267 1050 1330 adgressus;
1070 1284 1166 1329 quo
1184 1277 1277 1312 tan—

73 1354 180 1398 dem
198 1355 394 1400 consilio
414 1353 663 1416 perfecerit
675 1389 685 1409 ‚
708 1355 871 1416 paucis
887 1353 1152 1398 monendos
1169 1356 1278 1397 Lec-

72 1449 198 1484 tores
219 1421 379 1484 censui
398 1473 409 1491 ‚
435 1437 554 1500 quid
579 1448 625 1482 et
653 1439 753 1499 ipse
775 1436 892 1481 mihi
913 1439 1245 1500 proposuerim
1266 1473 1276 1492 ‚

71 1541 222 1587 quum
251 1525 450 1585 hujusce
479 1523 711 1568 Etlitionis
739 1522 957 1568 curandae
982 1525 1277 1586 provinciam

72 1610 175 1671 cepi
203 1626 212 1652 :
250 1607 381 1670 quod
409 1607 604 1670 quidem
630 1623 778 1663 onus,
815 1609 901 1652 etsi
939 1605 1134 1652 ferendo
1172 1625 1267 1652 non

70 1693 275 1755 impares
306 1693 502 1736 omnino
521 1727 532 1747 ‚
571 1691 653 1736 diu
684 1701 840 1736 tamen
871 1692 1058 1737 humeri
1093 1708 1276 1737 recusa·

71 1787 205 1833 runt;
227 1787 499 1840 susceptum
519 1792 631 1822 vero
661 1777 828 1834 semel,
846 1779 1056 1822 animose
1077 1776 1136 1823 ad
1157 1794 1271 1840 prae—

72 1864 301 1925 scriptum
323 1861 468 1906 finem
487 1860 824 1926 perferendum
846 1861 974 1907 duxi.

136 1976 202 2018 Ac
222 1975 377 2036 primo
414 1976 608 2018 Textcmz
622 2009 634 2029 ‚
669 1973 873 2036 qualiter
891 1972 950 2018 ab
969 1976 1152 2036 Heynio
1173 1991 1277 2020 con-

71 2059 319 2115 stitutum,
347 2058 550 2104 fideliter
585 2060 782 2122 quidem
820 2061 1026 2124 expressi
1048 2076 1177 2105 :non
1213 2062 1278 2105 ita

72 2154 257 2203 tamen,
292 2156 346 2191 ut
380 2144 639 2192 doctissimi
667 2149 755 2193 viri
792 2149 1074 2195 auctoritate
1092 2182 1103 2204 ‚
1130 2158 1276 2209 quan·

1093 2228 1111 2244 ἢ

1067 2244 1091 2269 (l
