<?xml version="1.0" encoding="UTF-8"?>
<!DOCTYPE html PUBLIC "-//W3C//DTD XHTML 1.0 Transitional//EN"
    "http://www.w3.org/TR/xhtml1/DTD/xhtml1-transitional.dtd">
<html xmlns="http://www.w3.org/1999/xhtml" xml:lang="en" lang="en">
 <head>
  <title>
</title>
<meta http-equiv="Content-Type" content="text/html;charset=utf-8" />
  <meta name='ocr-system' content='tesseract 3.04.00' />
  <meta name='ocr-capabilities' content='ocr_page ocr_carea ocr_par ocr_line ocrx_word'/>
</head>
<body>
  <div class='ocr_page' id='page_1' title='image "./operahey01virguoft_0229.png"; bbox 0 0 1408 2428; ppageno 0'>
   <div class='ocr_carea' id='block_1_1' title="bbox 628 78 797 107">
    <p class='ocr_par' dir='ltr' id='par_1_1' title="bbox 628 78 797 107">
     <span class='ocr_line' id='line_1_1' title="bbox 628 78 797 107; baseline 0 0"><span class='ocrx_word' id='word_1_1' title='bbox 628 78 748 107; x_wconf 84' lang='lat' dir='ltr'>LIBER</span> <span class='ocrx_word' id='word_1_2' title='bbox 773 79 797 107; x_wconf 87' lang='lat'>1.</span> 
     </span>
    </p>
   </div>
   <div class='ocr_carea' id='block_1_2' title="bbox 1248 78 1307 115">
    <p class='ocr_par' dir='ltr' id='par_1_2' title="bbox 1248 78 1307 115">
     <span class='ocr_line' id='line_1_2' title="bbox 1248 78 1307 115; baseline 0 -10"><span class='ocrx_word' id='word_1_3' title='bbox 1248 78 1307 115; x_wconf 72' lang='lat'>¹95</span> 
     </span>
    </p>
   </div>
   <div class='ocr_carea' id='block_1_3' title="bbox 117 134 1175 361">
    <p class='ocr_par' dir='ltr' id='par_1_3' title="bbox 121 134 1046 185">
     <span class='ocr_line' id='line_1_3' title="bbox 121 134 1046 185; baseline 0 -14"><span class='ocrx_word' id='word_1_4' title='bbox 121 139 225 171; x_wconf 83' lang='lat' dir='ltr'>Tunc</span> <span class='ocrx_word' id='word_1_5' title='bbox 245 135 402 185; x_wconf 80' lang='lat' dir='ltr'>pingues</span> <span class='ocrx_word' id='word_1_6' title='bbox 422 135 525 184; x_wconf 83' lang='lat' dir='ltr'>agni,</span> <span class='ocrx_word' id='word_1_7' title='bbox 547 143 583 170; x_wconf 86' lang='lat' dir='ltr'>et</span> <span class='ocrx_word' id='word_1_8' title='bbox 603 143 692 170; x_wconf 85' lang='lat' dir='ltr'>tunc</span> <span class='ocrx_word' id='word_1_9' title='bbox 710 134 926 171; x_wconf 83' lang='lat' dir='ltr'>mollissima</span> <span class='ocrx_word' id='word_1_10' title='bbox 941 135 1046 181; x_wconf 80' lang='lat' dir='ltr'>vina3</span> 
     </span>
    </p>

    <p class='ocr_par' dir='ltr' id='par_1_4' title="bbox 119 193 1175 304">
     <span class='ocr_line' id='line_1_4' title="bbox 119 193 1175 243; baseline -0.001 -13"><span class='ocrx_word' id='word_1_11' title='bbox 119 197 226 230; x_wconf 89' lang='lat' dir='ltr'>Tunc</span> <span class='ocrx_word' id='word_1_12' title='bbox 246 194 366 231; x_wconf 88' lang='lat' dir='ltr'>somni</span> <span class='ocrx_word' id='word_1_13' title='bbox 385 194 511 231; x_wconf 88' lang='lat' dir='ltr'>dulces</span> <span class='ocrx_word' id='word_1_14' title='bbox 532 194 730 243; x_wconf 75' lang='lat' dir='ltr'>densaeque</span> <span class='ocrx_word' id='word_1_15' title='bbox 751 194 788 229; x_wconf 90' lang='lat' dir='ltr'>in</span> <span class='ocrx_word' id='word_1_16' title='bbox 809 194 1000 231; x_wconf 85' lang='lat' dir='ltr'>montibus</span> <span class='ocrx_word' id='word_1_17' title='bbox 1020 193 1175 230; x_wconf 85' lang='lat' dir='ltr'>umbrae.</span> 
     </span>
     <span class='ocr_line' id='line_1_5' title="bbox 119 254 1023 304; baseline 0.001 -13"><span class='ocrx_word' id='word_1_18' title='bbox 119 257 262 291; x_wconf 85' lang='lat' dir='ltr'>Cuncta</span> <span class='ocrx_word' id='word_1_19' title='bbox 279 255 347 291; x_wconf 85' lang='lat' dir='ltr'>tibi</span> <span class='ocrx_word' id='word_1_20' title='bbox 364 257 539 291; x_wconf 77' lang='lat' dir='ltr'>Cererem</span> <span class='ocrx_word' id='word_1_21' title='bbox 558 254 678 304; x_wconf 80' lang='lat' dir='ltr'>pubes</span> <span class='ocrx_word' id='word_1_22' title='bbox 700 255 855 304; x_wconf 77' lang='lat' dir='ltr'>agrestis</span> <span class='ocrx_word' id='word_1_23' title='bbox 873 255 1023 301; x_wconf 75' lang='lat' dir='ltr'>acloret;</span> 
     </span>
    </p>

    <p class='ocr_par' dir='ltr' id='par_1_5' title="bbox 117 315 935 361">
     <span class='ocr_line' id='line_1_6' title="bbox 117 315 935 361; baseline 0.001 -11"><span class='ocrx_word' id='word_1_24' title='bbox 117 315 187 350; x_wconf 85' lang='lat' dir='ltr'>Cui</span> <span class='ocrx_word' id='word_1_25' title='bbox 205 324 245 351; x_wconf 87' lang='lat' dir='ltr'>tu</span> <span class='ocrx_word' id='word_1_26' title='bbox 265 315 358 351; x_wconf 86' lang='lat' dir='ltr'>lacte</span> <span class='ocrx_word' id='word_1_27' title='bbox 374 315 478 351; x_wconf 75' lang='lat' dir='ltr'>favos</span> <span class='ocrx_word' id='word_1_28' title='bbox 495 324 531 352; x_wconf 89' lang='lat' dir='ltr'>ct</span> <span class='ocrx_word' id='word_1_29' title='bbox 550 315 631 351; x_wconf 83' lang='lat' dir='ltr'>miti</span> <span class='ocrx_word' id='word_1_30' title='bbox 649 315 749 351; x_wconf 84' lang='lat' dir='ltr'>dilue</span> <span class='ocrx_word' id='word_1_31' title='bbox 770 315 935 361; x_wconf 77' lang='lat' dir='ltr'>Baccl103</span> 
     </span>
    </p>
   </div>
   <div class='ocr_carea' id='block_1_4' title="bbox 117 375 1051 424">
    <p class='ocr_par' dir='ltr' id='par_1_6' title="bbox 117 375 1051 424">
     <span class='ocr_line' id='line_1_7' title="bbox 117 375 1051 424; baseline 0 -14"><span class='ocrx_word' id='word_1_32' title='bbox 117 376 266 424; x_wconf 80' lang='lat' dir='ltr'>Terque</span> <span class='ocrx_word' id='word_1_33' title='bbox 286 388 402 412; x_wconf 81' lang='lat' dir='ltr'>novas</span> <span class='ocrx_word' id='word_1_34' title='bbox 418 376 560 412; x_wconf 89' lang='lat' dir='ltr'>circum</span> <span class='ocrx_word' id='word_1_35' title='bbox 580 376 668 412; x_wconf 76' lang='lat' dir='ltr'>felix</span> <span class='ocrx_word' id='word_1_36' title='bbox 687 384 745 412; x_wconf 80' lang='lat' dir='ltr'>cat</span> <span class='ocrx_word' id='word_1_37' title='bbox 765 375 887 412; x_wconf 87' lang='lat' dir='ltr'>hostia</span> <span class='ocrx_word' id='word_1_38' title='bbox 909 376 1051 424; x_wconf 81' lang='lat' dir='ltr'>srugcs3</span> 
     </span>
    </p>
   </div>
   <div class='ocr_carea' id='block_1_5' title="bbox 114 436 1305 725">
    <p class='ocr_par' dir='ltr' id='par_1_7' title="bbox 117 436 1129 485">
     <span class='ocr_line' id='line_1_8' title="bbox 117 436 1129 485; baseline 0.001 -14"><span class='ocrx_word' id='word_1_39' title='bbox 117 436 248 472; x_wconf 88' lang='lat' dir='ltr'>Omnis</span> <span class='ocrx_word' id='word_1_40' title='bbox 265 449 377 485; x_wconf 86' lang='lat' dir='ltr'>quam</span> <span class='ocrx_word' id='word_1_41' title='bbox 394 437 532 473; x_wconf 86' lang='lat' dir='ltr'>chorus</span> <span class='ocrx_word' id='word_1_42' title='bbox 549 446 586 473; x_wconf 87' lang='lat' dir='ltr'>et</span> <span class='ocrx_word' id='word_1_43' title='bbox 602 437 694 473; x_wconf 85' lang='lat' dir='ltr'>socii</span> <span class='ocrx_word' id='word_1_44' title='bbox 714 436 940 472; x_wconf 87' lang='lat' dir='ltr'>comitentur</span> <span class='ocrx_word' id='word_1_45' title='bbox 957 443 1129 478; x_wconf 71' lang='lat' dir='ltr'>ovantes,</span> 
     </span>
    </p>

    <p class='ocr_par' dir='ltr' id='par_1_8' title="bbox 116 496 1131 543">
     <span class='ocr_line' id='line_1_9' title="bbox 116 496 1131 543; baseline -0.001 -13"><span class='ocrx_word' id='word_1_46' title='bbox 116 496 162 530; x_wconf 89' lang='lat' dir='ltr'>Et</span> <span class='ocrx_word' id='word_1_47' title='bbox 181 496 355 532; x_wconf 75' lang='lat' dir='ltr'>Cererem</span> <span class='ocrx_word' id='word_1_48' title='bbox 376 497 538 532; x_wconf 83' lang='lat' dir='ltr'>clamore</span> <span class='ocrx_word' id='word_1_49' title='bbox 553 505 690 532; x_wconf 81' lang='lat' dir='ltr'>vocent</span> <span class='ocrx_word' id='word_1_50' title='bbox 708 497 746 532; x_wconf 89' lang='lat' dir='ltr'>in</span> <span class='ocrx_word' id='word_1_51' title='bbox 766 505 882 541; x_wconf 79' lang='lat' dir='ltr'>tecta3</span> <span class='ocrx_word' id='word_1_52' title='bbox 904 508 1026 543; x_wconf 83' lang='lat' dir='ltr'>neque</span> <span class='ocrx_word' id='word_1_53' title='bbox 1046 504 1131 531; x_wconf 78' lang='lat' dir='ltr'>ante</span> 
     </span>
    </p>

    <p class='ocr_par' dir='ltr' id='par_1_9' title="bbox 116 553 1026 605">
     <span class='ocr_line' id='line_1_10' title="bbox 116 553 1026 605; baseline -0.001 -15"><span class='ocrx_word' id='word_1_54' title='bbox 116 553 260 590; x_wconf 87' lang='lat' dir='ltr'>Falcem</span> <span class='ocrx_word' id='word_1_55' title='bbox 282 556 438 592; x_wconf 84' lang='lat' dir='ltr'>maturis</span> <span class='ocrx_word' id='word_1_56' title='bbox 459 556 655 605; x_wconf 82' lang='lat' dir='ltr'>quisquam</span> <span class='ocrx_word' id='word_1_57' title='bbox 676 563 864 605; x_wconf 81' lang='lat' dir='ltr'>supponat</span> <span class='ocrx_word' id='word_1_58' title='bbox 884 554 1026 598; x_wconf 82' lang='lat' dir='ltr'>aristis,</span> 
     </span>
    </p>

    <p class='ocr_par' dir='ltr' id='par_1_10' title="bbox 116 615 1120 664">
     <span class='ocr_line' id='line_1_11' title="bbox 116 615 1120 664; baseline -0.003 -13"><span class='ocrx_word' id='word_1_59' title='bbox 116 617 239 660; x_wconf 84' lang='lat' dir='ltr'>Quam</span> <span class='ocrx_word' id='word_1_60' title='bbox 260 616 407 661; x_wconf 81' lang='lat' dir='ltr'>Cereri,</span> <span class='ocrx_word' id='word_1_61' title='bbox 428 625 526 653; x_wconf 84' lang='lat' dir='ltr'>torta</span> <span class='ocrx_word' id='word_1_62' title='bbox 545 615 742 652; x_wconf 85' lang='lat' dir='ltr'>redimitus</span> <span class='ocrx_word' id='word_1_63' title='bbox 764 625 936 664; x_wconf 84' lang='lat' dir='ltr'>tempora</span> <span class='ocrx_word' id='word_1_64' title='bbox 956 626 1120 662; x_wconf 80' lang='lat' dir='ltr'>quercu,</span> 
     </span>
    </p>

    <p class='ocr_par' dir='ltr' id='par_1_11' title="bbox 114 674 1305 725">
     <span class='ocr_line' id='line_1_12' title="bbox 114 674 1305 725; baseline -0.002 -14"><span class='ocrx_word' id='word_1_65' title='bbox 114 678 187 711; x_wconf 88' lang='lat' dir='ltr'>Det</span> <span class='ocrx_word' id='word_1_66' title='bbox 202 684 326 712; x_wconf 87' lang='lat' dir='ltr'>motus</span> <span class='ocrx_word' id='word_1_67' title='bbox 342 676 629 725; x_wconf 80' lang='lat' dir='ltr'>incompositos,</span> <span class='ocrx_word' id='word_1_68' title='bbox 647 684 683 712; x_wconf 82' lang='lat' dir='ltr'>et</span> <span class='ocrx_word' id='word_1_69' title='bbox 703 676 867 711; x_wconf 87' lang='lat' dir='ltr'>carmina</span> <span class='ocrx_word' id='word_1_70' title='bbox 887 674 997 710; x_wconf 80' lang='lat' dir='ltr'>dicat.</span> <span class='ocrx_word' id='word_1_71' title='bbox 1259 681 1305 703; x_wconf 68' lang='lat'>:130</span> 
     </span>
    </p>
   </div>
   <div class='ocr_carea' id='block_1_6' title="bbox 110 784 681 824">
    <p class='ocr_par' dir='ltr' id='par_1_12' title="bbox 110 784 681 824">
     <span class='ocr_line' id='line_1_13' title="bbox 110 784 681 824; baseline 0.004 -13"><span class='ocrx_word' id='word_1_72' title='bbox 110 784 144 812; x_wconf 67' lang='lat' dir='ltr'>in</span> <span class='ocrx_word' id='word_1_73' title='bbox 172 791 281 813; x_wconf 76' lang='lat' dir='ltr'>HOStI&#39;O</span> <span class='ocrx_word' id='word_1_74' title='bbox 314 791 406 824; x_wconf 65' lang='grc' dir='ltr'>ΡΟΘΗᾸ</span> <span class='ocrx_word' id='word_1_75' title='bbox 434 785 587 814; x_wconf 74' lang='lat' dir='ltr'>l&#39;atiOnelu</span> <span class='ocrx_word' id='word_1_76' title='bbox 617 795 681 813; x_wconf 76' lang='lat' dir='ltr'>esse</span> 
     </span>
    </p>
   </div>
   <div class='ocr_carea' id='block_1_7' title="bbox 737 781 1306 820">
    <p class='ocr_par' dir='ltr' id='par_1_13' title="bbox 737 781 1306 820">
     <span class='ocr_line' id='line_1_14' title="bbox 737 781 1306 820; baseline -0.005 -8"><span class='ocrx_word' id='word_1_77' title='bbox 737 783 779 812; x_wconf 71' lang='lat' dir='ltr'>eia</span> <span class='ocrx_word' id='word_1_78' title='bbox 792 807 799 820; x_wconf 89' lang='lat'>,</span> <span class='ocrx_word' id='word_1_79' title='bbox 816 783 848 813; x_wconf 88' lang='lat' dir='ltr'>h.</span> <span class='ocrx_word' id='word_1_80' title='bbox 865 781 999 812; x_wconf 79' lang='lat' dir='ltr'>fecunda</span> <span class='ocrx_word' id='word_1_81' title='bbox 1012 804 1020 818; x_wconf 85' lang='lat'>,</span> <span class='ocrx_word' id='word_1_82' title='bbox 1032 788 1068 810; x_wconf 87' lang='lat' dir='ltr'>ut</span> <span class='ocrx_word' id='word_1_83' title='bbox 1080 782 1183 816; x_wconf 39' lang='lat' dir='ltr'>Serv&amp;</span> <span class='ocrx_word' id='word_1_84' title='bbox 1198 790 1306 819; x_wconf 82' lang='lat' dir='ltr'>quem-</span> 
     </span>
    </p>
   </div>
   <div class='ocr_carea' id='block_1_8' title="bbox 111 825 1305 870">
    <p class='ocr_par' dir='ltr' id='par_1_14' title="bbox 111 825 1305 870">
     <span class='ocr_line' id='line_1_15' title="bbox 111 825 1305 870; baseline -0.003 -12"><span class='ocrx_word' id='word_1_85' title='bbox 111 829 296 859; x_wconf 84' lang='lat' dir='ltr'>habendam.</span> <span class='ocrx_word' id='word_1_86' title='bbox 312 831 460 860; x_wconf 77' lang='lat' dir='ltr'>Similiter</span> <span class='ocrx_word' id='word_1_87' title='bbox 474 840 543 870; x_wconf 88' lang='lat' dir='ltr'>sup.</span> <span class='ocrx_word' id='word_1_88' title='bbox 557 832 621 859; x_wconf 81' lang='lat'>230</span> <span class='ocrx_word' id='word_1_89' title='bbox 638 831 685 859; x_wconf 79' lang='lat' dir='ltr'>acl</span> <span class='ocrx_word' id='word_1_90' title='bbox 736 828 1002 868; x_wconf 67' lang='lat' dir='ltr'>admodumfelix</span> <span class='ocrx_word' id='word_1_91' title='bbox 1022 837 1117 868; x_wconf 78' lang='lat' dir='ltr'>ager,</span> <span class='ocrx_word' id='word_1_92' title='bbox 1138 825 1238 855; x_wconf 79' lang='lat' dir='ltr'>arbor.</span> <span class='ocrx_word' id='word_1_93' title='bbox 1258 828 1305 855; x_wconf 75' lang='lat' dir='ltr'>De</span> 
     </span>
    </p>
   </div>
   <div class='ocr_carea' id='block_1_9' title="bbox 86 875 682 2251">
    <p class='ocr_par' dir='ltr' id='par_1_15' title="bbox 86 875 682 2251">
     <span class='ocr_line' id='line_1_16' title="bbox 111 875 678 915; baseline 0.004 -12"><span class='ocrx_word' id='word_1_94' title='bbox 111 875 231 904; x_wconf 78' lang='lat' dir='ltr'>medias</span> <span class='ocrx_word' id='word_1_95' title='bbox 244 875 400 915; x_wconf 50' lang='lat' dir='ltr'>lominus,-</span> <span class='ocrx_word' id='word_1_96' title='bbox 423 875 510 915; x_wconf 88' lang='lat' dir='ltr'>quod</span> <span class='ocrx_word' id='word_1_97' title='bbox 533 887 606 905; x_wconf 83' lang='lat' dir='ltr'>sane</span> <span class='ocrx_word' id='word_1_98' title='bbox 633 887 678 905; x_wconf 77' lang='lat' dir='ltr'>se-</span> 
     </span>
     <span class='ocr_line' id='line_1_17' title="bbox 111 921 678 962; baseline 0.005 -13"><span class='ocrx_word' id='word_1_99' title='bbox 111 931 183 950; x_wconf 80' lang='lat' dir='ltr'>vere</span> <span class='ocrx_word' id='word_1_100' title='bbox 193 923 275 962; x_wconf 85' lang='lat' dir='ltr'>exigi</span> <span class='ocrx_word' id='word_1_101' title='bbox 285 922 497 961; x_wconf 61' lang='lat' dir='ltr'>aequin—34</span> <span class='ocrx_word' id='word_1_102' title='bbox 506 932 518 950; x_wconf 89' lang='lat'>1</span> <span class='ocrx_word' id='word_1_103' title='bbox 534 921 678 962; x_wconf 86' lang='lat' dir='ltr'>[Vulgat.</span> 
     </span>
     <span class='ocr_line' id='line_1_18' title="bbox 113 967 678 1009; baseline 0.004 -14"><span class='ocrx_word' id='word_1_104' title='bbox 113 968 199 996; x_wconf 80' lang='lat' dir='ltr'>Tunc</span> <span class='ocrx_word' id='word_1_105' title='bbox 209 967 289 1009; x_wconf 80' lang='lat' dir='ltr'>agni</span> <span class='ocrx_word' id='word_1_106' title='bbox 291 967 429 1007; x_wconf 78' lang='lat' dir='ltr'>pingues</span> <span class='ocrx_word' id='word_1_107' title='bbox 438 990 446 1004; x_wconf 93' lang='lat'>,</span> <span class='ocrx_word' id='word_1_108' title='bbox 460 967 499 996; x_wconf 84' lang='lat' dir='ltr'>ad</span> <span class='ocrx_word' id='word_1_109' title='bbox 514 967 678 997; x_wconf 73' lang='lat' dir='ltr'>vitandum</span> 
     </span>
     <span class='ocr_line' id='line_1_19' title="bbox 109 1012 679 1053; baseline 0.005 -13"><span class='ocrx_word' id='word_1_110' title='bbox 109 1012 239 1043; x_wconf 87' lang='lat' dir='ltr'>hiatum.</span> <span class='ocrx_word' id='word_1_111' title='bbox 250 1016 331 1043; x_wconf 89' lang='lat' dir='ltr'>Sunt</span> <span class='ocrx_word' id='word_1_112' title='bbox 348 1020 450 1043; x_wconf 83' lang='lat' dir='ltr'>tamen</span> <span class='ocrx_word' id='word_1_113' title='bbox 465 1014 520 1053; x_wconf 86' lang='lat' dir='ltr'>qui</span> <span class='ocrx_word' id='word_1_114' title='bbox 536 1013 679 1043; x_wconf 85' lang='lat' dir='ltr'>ordinem</span> 
     </span>
     <span class='ocr_line' id='line_1_20' title="bbox 110 1059 678 1100; baseline 0.002 -13"><span class='ocrx_word' id='word_1_115' title='bbox 110 1066 286 1094; x_wconf 82' lang='lat' dir='ltr'>servantes,</span> <span class='ocrx_word' id='word_1_116' title='bbox 308 1061 395 1089; x_wconf 84' lang='lat' dir='ltr'>Tunc</span> <span class='ocrx_word' id='word_1_117' title='bbox 414 1059 551 1100; x_wconf 66' lang='lat' dir='ltr'>pingues</span> <span class='ocrx_word' id='word_1_118' title='bbox 581 1059 678 1100; x_wconf 75' lang='lat' dir='ltr'>agni,</span> 
     </span>
     <span class='ocr_line' id='line_1_21' title="bbox 108 1105 682 1145; baseline 0.002 -12"><span class='ocrx_word' id='word_1_119' title='bbox 108 1105 210 1134; x_wconf 74' lang='lat' dir='ltr'>vitant</span> <span class='ocrx_word' id='word_1_120' title='bbox 224 1115 352 1145; x_wconf 83' lang='lat' dir='ltr'>quoque</span> <span class='ocrx_word' id='word_1_121' title='bbox 368 1105 489 1134; x_wconf 84' lang='lat' dir='ltr'>hiatum</span> <span class='ocrx_word' id='word_1_122' title='bbox 500 1128 509 1142; x_wconf 91' lang='lat'>,</span> <span class='ocrx_word' id='word_1_123' title='bbox 529 1112 594 1134; x_wconf 82' lang='lat' dir='ltr'>tum</span> <span class='ocrx_word' id='word_1_124' title='bbox 608 1114 682 1135; x_wconf 77' lang='lat' dir='ltr'>sunt</span> 
     </span>
     <span class='ocr_line' id='line_1_22' title="bbox 109 1150 677 1192; baseline 0.007 -14"><span class='ocrx_word' id='word_1_125' title='bbox 109 1150 294 1180; x_wconf 79' lang='lat' dir='ltr'>mollissima</span> <span class='ocrx_word' id='word_1_126' title='bbox 305 1174 314 1188; x_wconf 91' lang='lat'>,</span> <span class='ocrx_word' id='word_1_127' title='bbox 340 1157 399 1181; x_wconf 90' lang='lat' dir='ltr'>etc.</span> <span class='ocrx_word' id='word_1_128' title='bbox 424 1161 518 1180; x_wconf 87' lang='lat' dir='ltr'>merae</span> <span class='ocrx_word' id='word_1_129' title='bbox 550 1161 642 1192; x_wconf 84' lang='lat' dir='ltr'>nugae</span> <span class='ocrx_word' id='word_1_130' title='bbox 653 1151 677 1191; x_wconf 75' lang='lat' dir='ltr'>l]</span> 
     </span>
     <span class='ocr_line' id='line_1_23' title="bbox 108 1191 677 1240; baseline 0.002 -15"><span class='ocrx_word' id='word_1_131' title='bbox 108 1197 291 1227; x_wconf 85' lang='lat' dir='ltr'>—Hesi0d.</span> <span class='ocrx_word' id='word_1_132' title='bbox 306 1191 382 1240; x_wconf 59' lang='grc' dir='ltr'>ἕργ.</span> <span class='ocrx_word' id='word_1_133' title='bbox 401 1197 482 1233; x_wconf 83' lang='grc'><em>585,</em></span> <span class='ocrx_word' id='word_1_134' title='bbox 500 1196 558 1226; x_wconf 83' lang='lat' dir='ltr'>uhi</span> <span class='ocrx_word' id='word_1_135' title='bbox 570 1196 608 1226; x_wconf 89' lang='lat' dir='ltr'>de</span> <span class='ocrx_word' id='word_1_136' title='bbox 622 1208 677 1226; x_wconf 80' lang='lat' dir='ltr'>aes-</span> 
     </span>
     <span class='ocr_line' id='line_1_24' title="bbox 108 1241 677 1284; baseline 0.004 -13"><span class='ocrx_word' id='word_1_137' title='bbox 108 1243 178 1271; x_wconf 87' lang='lat' dir='ltr'>tatis</span> <span class='ocrx_word' id='word_1_138' title='bbox 223 1243 315 1272; x_wconf 84' lang='lat' dir='ltr'>initio</span> <span class='ocrx_word' id='word_1_139' title='bbox 346 1252 354 1272; x_wconf 91' lang='lat'>:</span> <span class='ocrx_word' id='word_1_140' title='bbox 392 1244 493 1284; x_wconf 76' lang='grc' dir='ltr'>Τῆμος</span> <span class='ocrx_word' id='word_1_141' title='bbox 528 1241 677 1273; x_wconf 63' lang='grc' dir='ltr'>πιόταταί</span> 
     </span>
     <span class='ocr_line' id='line_1_25' title="bbox 107 1283 676 1331; baseline 0.002 -14"><span class='ocrx_word' id='word_1_142' title='bbox 107 1283 231 1331; x_wconf 71' lang='grc' dir='ltr'><strong>τὀιῖγες</strong></span> <span class='ocrx_word' id='word_1_143' title='bbox 256 1286 310 1318; x_wconf 73' lang='grc' dir='ltr'>καὶ</span> <span class='ocrx_word' id='word_1_144' title='bbox 336 1283 410 1323; x_wconf 76' lang='grc' dir='ltr'>οἶνος</span> <span class='ocrx_word' id='word_1_145' title='bbox 438 1286 570 1331; x_wconf 72' lang='grc' dir='ltr'>ἄριστος.</span> <span class='ocrx_word' id='word_1_146' title='bbox 591 1289 676 1318; x_wconf 77' lang='lat' dir='ltr'>Vina</span> 
     </span>
     <span class='ocr_line' id='line_1_26' title="bbox 108 1334 676 1372; baseline 0.004 -10"><span class='ocrx_word' id='word_1_147' title='bbox 108 1334 238 1370; x_wconf 82' lang='lat' dir='ltr'>mollia,</span> <span class='ocrx_word' id='word_1_148' title='bbox 255 1335 374 1364; x_wconf 83' lang='lat' dir='ltr'>scilieet</span> <span class='ocrx_word' id='word_1_149' title='bbox 389 1335 500 1364; x_wconf 91' lang='lat' dir='ltr'>hiemis</span> <span class='ocrx_word' id='word_1_150' title='bbox 514 1336 676 1372; x_wconf 75' lang='lat' dir='ltr'>interjecta</span> 
     </span>
     <span class='ocr_line' id='line_1_27' title="bbox 107 1380 675 1420; baseline 0.002 -12"><span class='ocrx_word' id='word_1_151' title='bbox 107 1389 214 1417; x_wconf 82' lang='lat' dir='ltr'>mora,</span> <span class='ocrx_word' id='word_1_152' title='bbox 238 1380 430 1420; x_wconf 77' lang='lat' dir='ltr'>asperitate,</span> <span class='ocrx_word' id='word_1_153' title='bbox 461 1380 595 1417; x_wconf 81' lang='lat' dir='ltr'>duritia,</span> <span class='ocrx_word' id='word_1_154' title='bbox 621 1392 675 1409; x_wconf 88' lang='lat' dir='ltr'>ca-</span> 
     </span>
     <span class='ocr_line' id='line_1_28' title="bbox 107 1425 676 1462; baseline 0.005 -10"><span class='ocrx_word' id='word_1_155' title='bbox 107 1425 211 1454; x_wconf 81' lang='lat' dir='ltr'>rentia</span> <span class='ocrx_word' id='word_1_156' title='bbox 223 1448 231 1462; x_wconf 93' lang='lat'>,</span> <span class='ocrx_word' id='word_1_157' title='bbox 249 1427 335 1455; x_wconf 85' lang='lat' dir='ltr'>mitia</span> <span class='ocrx_word' id='word_1_158' title='bbox 346 1448 354 1462; x_wconf 89' lang='lat'>,</span> <span class='ocrx_word' id='word_1_159' title='bbox 370 1426 463 1455; x_wconf 82' lang='lat' dir='ltr'>lenia.</span> <span class='ocrx_word' id='word_1_160' title='bbox 482 1427 527 1454; x_wconf 89' lang='lat' dir='ltr'>Ita</span> <span class='ocrx_word' id='word_1_161' title='bbox 544 1432 575 1455; x_wconf 87' lang='lat' dir='ltr'>et</span> <span class='ocrx_word' id='word_1_162' title='bbox 588 1426 676 1456; x_wconf 80' lang='lat' dir='ltr'>Grae-</span> 
     </span>
     <span class='ocr_line' id='line_1_29' title="bbox 86 1466 676 1514; baseline 0.005 -16"><span class='ocrx_word' id='word_1_163' title='bbox 86 1466 89 1470; x_wconf 73' lang='lat'>&#39;</span> <span class='ocrx_word' id='word_1_164' title='bbox 108 1471 151 1499; x_wconf 82' lang='lat' dir='ltr'>cis</span> <span class='ocrx_word' id='word_1_165' title='bbox 168 1466 243 1506; x_wconf 71' lang='grc' dir='ltr'>οἶνος</span> <span class='ocrx_word' id='word_1_166' title='bbox 257 1470 385 1514; x_wconf 75' lang='grc' dir='ltr'>σκληρὸς</span> <span class='ocrx_word' id='word_1_167' title='bbox 400 1479 430 1501; x_wconf 92' lang='lat' dir='ltr'>et</span> <span class='ocrx_word' id='word_1_168' title='bbox 440 1470 591 1513; x_wconf 68' lang='grc' dir='ltr'>μαλακός.</span> <span class='ocrx_word' id='word_1_169' title='bbox 609 1474 676 1501; x_wconf 80' lang='lat' dir='ltr'>Du-</span> 
     </span>
     <span class='ocr_line' id='line_1_30' title="bbox 106 1517 677 1557; baseline 0.007 -13"><span class='ocrx_word' id='word_1_170' title='bbox 106 1527 159 1545; x_wconf 72' lang='lat' dir='ltr'>rus</span> <span class='ocrx_word' id='word_1_171' title='bbox 169 1517 392 1557; x_wconf 77' lang='lat' dir='ltr'>Bacchisapor</span> <span class='ocrx_word' id='word_1_172' title='bbox 406 1518 463 1548; x_wconf 88' lang='lat' dir='ltr'>Ge.</span> <span class='ocrx_word' id='word_1_173' title='bbox 476 1519 533 1554; x_wconf 81' lang='lat' dir='ltr'>IV,</span> <span class='ocrx_word' id='word_1_174' title='bbox 550 1528 677 1548; x_wconf 77' lang='lat'>120.—</span> 
     </span>
     <span class='ocr_line' id='line_1_31' title="bbox 110 1563 677 1604; baseline 0.004 -13"><span class='ocrx_word' id='word_1_175' title='bbox 110 1563 149 1597; x_wconf 66' lang='grc'>34</span> <span class='ocrx_word' id='word_1_176' title='bbox 156 1573 172 1591; x_wconf 84' lang='lat'><strong>2</strong></span> <span class='ocrx_word' id='word_1_177' title='bbox 179 1586 185 1593; x_wconf 93' lang='lat'>.</span> <span class='ocrx_word' id='word_1_178' title='bbox 196 1563 307 1593; x_wconf 83' lang='lat' dir='ltr'>Somni</span> <span class='ocrx_word' id='word_1_179' title='bbox 314 1564 431 1600; x_wconf 80' lang='lat' dir='ltr'>dulces,</span> <span class='ocrx_word' id='word_1_180' title='bbox 439 1570 569 1604; x_wconf 86' lang='lat' dir='ltr'>propter</span> <span class='ocrx_word' id='word_1_181' title='bbox 579 1565 677 1602; x_wconf 78' lang='lat' dir='ltr'>adjec-</span> 
     </span>
     <span class='ocr_line' id='line_1_32' title="bbox 106 1609 678 1650; baseline 0.005 -13"><span class='ocrx_word' id='word_1_182' title='bbox 106 1614 150 1638; x_wconf 82' lang='lat' dir='ltr'>tas</span> <span class='ocrx_word' id='word_1_183' title='bbox 164 1609 291 1639; x_wconf 74' lang='lat' dir='ltr'>umbras</span> <span class='ocrx_word' id='word_1_184' title='bbox 303 1610 385 1639; x_wconf 90' lang='lat' dir='ltr'>nulli</span> <span class='ocrx_word' id='word_1_185' title='bbox 398 1610 449 1639; x_wconf 89' lang='grc'>3111</span> <span class='ocrx_word' id='word_1_186' title='bbox 464 1620 528 1639; x_wconf 86' lang='lat' dir='ltr'>esse</span> <span class='ocrx_word' id='word_1_187' title='bbox 544 1619 678 1650; x_wconf 85' lang='lat' dir='ltr'>possunt</span> 
     </span>
     <span class='ocr_line' id='line_1_33' title="bbox 105 1655 677 1693; baseline 0.005 -10"><span class='ocrx_word' id='word_1_188' title='bbox 105 1664 200 1693; x_wconf 87' lang='lat' dir='ltr'>quam</span> <span class='ocrx_word' id='word_1_189' title='bbox 225 1656 259 1685; x_wconf 90' lang='lat' dir='ltr'>in</span> <span class='ocrx_word' id='word_1_190' title='bbox 284 1655 381 1685; x_wconf 82' lang='lat' dir='ltr'>herba</span> <span class='ocrx_word' id='word_1_191' title='bbox 405 1657 456 1686; x_wconf 78' lang='lat' dir='ltr'>vel</span> <span class='ocrx_word' id='word_1_192' title='bbox 479 1655 539 1685; x_wconf 89' lang='lat' dir='ltr'>sub</span> <span class='ocrx_word' id='word_1_193' title='bbox 566 1656 677 1686; x_wconf 86' lang='lat' dir='ltr'>arbore</span> 
     </span>
     <span class='ocr_line' id='line_1_34' title="bbox 105 1699 677 1739; baseline 0.007 -11"><span class='ocrx_word' id='word_1_194' title='bbox 105 1699 142 1728; x_wconf 82' lang='lat' dir='ltr'>ad</span> <span class='ocrx_word' id='word_1_195' title='bbox 176 1709 367 1731; x_wconf 88' lang='lat' dir='ltr'>concentum</span> <span class='ocrx_word' id='word_1_196' title='bbox 400 1703 505 1732; x_wconf 79' lang='lat' dir='ltr'>avium</span> <span class='ocrx_word' id='word_1_197' title='bbox 519 1724 527 1739; x_wconf 84' lang='lat'>,</span> <span class='ocrx_word' id='word_1_198' title='bbox 561 1701 677 1732; x_wconf 86' lang='lat' dir='ltr'>florum</span> 
     </span>
     <span class='ocr_line' id='line_1_35' title="bbox 104 1744 675 1788; baseline 0.007 -13"><span class='ocrx_word' id='word_1_199' title='bbox 104 1744 217 1777; x_wconf 88' lang='lat' dir='ltr'>odores</span> <span class='ocrx_word' id='word_1_200' title='bbox 227 1754 257 1777; x_wconf 88' lang='lat' dir='ltr'>et</span> <span class='ocrx_word' id='word_1_201' title='bbox 265 1749 309 1777; x_wconf 89' lang='lat' dir='ltr'>sic</span> <span class='ocrx_word' id='word_1_202' title='bbox 319 1759 426 1788; x_wconf 86' lang='lat' dir='ltr'>porro.</span> <span class='ocrx_word' id='word_1_203' title='bbox 435 1767 480 1770; x_wconf 97' lang='lat'><strong>—</strong></span> <span class='ocrx_word' id='word_1_204' title='bbox 494 1749 568 1784; x_wconf 70' lang='lat'>343.</span> <span class='ocrx_word' id='word_1_205' title='bbox 585 1749 675 1779; x_wconf 80' lang='lat' dir='ltr'>Cous.</span> 
     </span>
     <span class='ocr_line' id='line_1_36' title="bbox 104 1792 675 1833; baseline 0.005 -12"><span class='ocrx_word' id='word_1_206' title='bbox 104 1792 223 1823; x_wconf 91' lang='lat' dir='ltr'>Tibull.</span> <span class='ocrx_word' id='word_1_207' title='bbox 240 1796 272 1831; x_wconf 90' lang='lat' dir='ltr'>I,</span> <span class='ocrx_word' id='word_1_208' title='bbox 294 1805 322 1831; x_wconf 84' lang='lat'>1,</span> <span class='ocrx_word' id='word_1_209' title='bbox 339 1796 392 1825; x_wconf 79' lang='lat'>23.</span> <span class='ocrx_word' id='word_1_210' title='bbox 403 1812 449 1817; x_wconf 91' lang='lat'><strong>—</strong></span> <span class='ocrx_word' id='word_1_211' title='bbox 462 1797 536 1830; x_wconf 67' lang='lat'>344.</span> <span class='ocrx_word' id='word_1_212' title='bbox 546 1796 570 1824; x_wconf 87' lang='lat' dir='ltr'><strong>E</strong></span> <span class='ocrx_word' id='word_1_213' title='bbox 584 1795 675 1833; x_wconf 80' lang='lat' dir='ltr'>lacte,</span> 
     </span>
     <span class='ocr_line' id='line_1_37' title="bbox 105 1838 676 1876; baseline 0.007 -10"><span class='ocrx_word' id='word_1_214' title='bbox 105 1838 216 1876; x_wconf 82' lang='lat' dir='ltr'>melle,</span> <span class='ocrx_word' id='word_1_215' title='bbox 239 1841 316 1870; x_wconf 86' lang='lat' dir='ltr'>vino</span> <span class='ocrx_word' id='word_1_216' title='bbox 336 1841 470 1870; x_wconf 76' lang='lat' dir='ltr'>mulsum</span> <span class='ocrx_word' id='word_1_217' title='bbox 493 1841 610 1870; x_wconf 88' lang='lat' dir='ltr'>factum</span> <span class='ocrx_word' id='word_1_218' title='bbox 628 1843 676 1870; x_wconf 85' lang='lat' dir='ltr'>iu-</span> 
     </span>
     <span class='ocr_line' id='line_1_38' title="bbox 105 1885 676 1924; baseline 0.009 -12"><span class='ocrx_word' id='word_1_219' title='bbox 105 1885 162 1913; x_wconf 88' lang='lat' dir='ltr'>nui</span> <span class='ocrx_word' id='word_1_220' title='bbox 173 1907 181 1921; x_wconf 89' lang='lat'>,</span> <span class='ocrx_word' id='word_1_221' title='bbox 198 1893 287 1915; x_wconf 84' lang='lat' dir='ltr'>notat</span> <span class='ocrx_word' id='word_1_222' title='bbox 301 1887 445 1917; x_wconf 86' lang='lat' dir='ltr'>Macroh.</span> <span class='ocrx_word' id='word_1_223' title='bbox 462 1889 525 1923; x_wconf 93' lang='lat' dir='ltr'>III,</span> <span class='ocrx_word' id='word_1_224' title='bbox 546 1897 557 1915; x_wconf 93' lang='lat'>1</span> <span class='ocrx_word' id='word_1_225' title='bbox 568 1898 581 1916; x_wconf 91' lang='lat'>1</span> <span class='ocrx_word' id='word_1_226' title='bbox 593 1910 601 1924; x_wconf 90' lang='lat'>,</span> <span class='ocrx_word' id='word_1_227' title='bbox 613 1898 676 1917; x_wconf 87' lang='lat' dir='ltr'>ma-</span> 
     </span>
     <span class='ocr_line' id='line_1_39' title="bbox 104 1930 674 1973; baseline 0.009 -15"><span class='ocrx_word' id='word_1_228' title='bbox 104 1931 149 1970; x_wconf 80' lang='lat' dir='ltr'>gis</span> <span class='ocrx_word' id='word_1_229' title='bbox 171 1930 250 1961; x_wconf 85' lang='lat' dir='ltr'>forte</span> <span class='ocrx_word' id='word_1_230' title='bbox 274 1932 448 1970; x_wconf 84' lang='lat' dir='ltr'>subtiliter,</span> <span class='ocrx_word' id='word_1_231' title='bbox 475 1942 569 1973; x_wconf 87' lang='lat' dir='ltr'>quam</span> <span class='ocrx_word' id='word_1_232' title='bbox 594 1944 674 1964; x_wconf 88' lang='lat' dir='ltr'>vere.</span> 
     </span>
     <span class='ocr_line' id='line_1_40' title="bbox 103 1977 676 2019; baseline 0.009 -15"><span class='ocrx_word' id='word_1_233' title='bbox 103 1977 184 2005; x_wconf 85' lang='lat' dir='ltr'>Nam</span> <span class='ocrx_word' id='word_1_234' title='bbox 204 1977 262 2007; x_wconf 85' lang='lat' dir='ltr'>diis</span> <span class='ocrx_word' id='word_1_235' title='bbox 285 1978 456 2019; x_wconf 80' lang='lat' dir='ltr'>agrestibus</span> <span class='ocrx_word' id='word_1_236' title='bbox 481 1978 615 2017; x_wconf 80' lang='lat' dir='ltr'>libatur,</span> <span class='ocrx_word' id='word_1_237' title='bbox 636 1990 676 2009; x_wconf 82' lang='lat' dir='ltr'>ex</span> 
     </span>
     <span class='ocr_line' id='line_1_41' title="bbox 103 2023 673 2062; baseline 0.011 -12"><span class='ocrx_word' id='word_1_238' title='bbox 103 2031 192 2052; x_wconf 87' lang='lat' dir='ltr'>more</span> <span class='ocrx_word' id='word_1_239' title='bbox 203 2046 211 2061; x_wconf 83' lang='lat'>,</span> <span class='ocrx_word' id='word_1_240' title='bbox 229 2023 325 2061; x_wconf 81' lang='lat' dir='ltr'>laete,</span> <span class='ocrx_word' id='word_1_241' title='bbox 351 2025 442 2054; x_wconf 73' lang='lat' dir='ltr'>melle</span> <span class='ocrx_word' id='word_1_242' title='bbox 453 2048 461 2062; x_wconf 87' lang='lat'><strong><em>‚</em></strong></span> <span class='ocrx_word' id='word_1_243' title='bbox 477 2026 564 2054; x_wconf 79' lang='lat' dir='ltr'>vino.</span> <span class='ocrx_word' id='word_1_244' title='bbox 591 2026 673 2056; x_wconf 84' lang='lat' dir='ltr'>conf.</span> 
     </span>
     <span class='ocr_line' id='line_1_42' title="bbox 102 2067 674 2108; baseline 0.012 -12"><span class='ocrx_word' id='word_1_245' title='bbox 102 2067 186 2098; x_wconf 83' lang='lat' dir='ltr'>idem</span> <span class='ocrx_word' id='word_1_246' title='bbox 215 2071 298 2108; x_wconf 88' lang='lat' dir='ltr'>VII,</span> <span class='ocrx_word' id='word_1_247' title='bbox 324 2081 363 2100; x_wconf 87' lang='lat'>12</span> <span class='ocrx_word' id='word_1_248' title='bbox 387 2077 418 2100; x_wconf 89' lang='lat' dir='ltr'>et</span> <span class='ocrx_word' id='word_1_249' title='bbox 439 2073 524 2102; x_wconf 78' lang='lat' dir='ltr'>Serv.</span> <span class='ocrx_word' id='word_1_250' title='bbox 550 2077 581 2100; x_wconf 85' lang='lat' dir='ltr'>et</span> <span class='ocrx_word' id='word_1_251' title='bbox 598 2072 674 2102; x_wconf 88' lang='lat' dir='ltr'>Cato</span> 
     </span>
     <span class='ocr_line' id='line_1_43' title="bbox 103 2115 674 2154; baseline 0.005 -10"><span class='ocrx_word' id='word_1_252' title='bbox 103 2115 142 2144; x_wconf 82' lang='lat' dir='ltr'>R.</span> <span class='ocrx_word' id='word_1_253' title='bbox 165 2117 204 2145; x_wconf 79' lang='lat' dir='ltr'>R.</span> <span class='ocrx_word' id='word_1_254' title='bbox 226 2126 254 2146; x_wconf 89' lang='lat' dir='ltr'>c.</span> <span class='ocrx_word' id='word_1_255' title='bbox 281 2117 355 2154; x_wconf 80' lang='grc'>134.</span> <span class='ocrx_word' id='word_1_256' title='bbox 373 2135 419 2140; x_wconf 88' lang='lat'><strong>—</strong></span> <span class='ocrx_word' id='word_1_257' title='bbox 441 2118 516 2153; x_wconf 77' lang='grc'>345.</span> <span class='ocrx_word' id='word_1_258' title='bbox 535 2118 674 2148; x_wconf 81' lang='lat' dir='ltr'>Ducitur</span> 
     </span>
     <span class='ocr_line' id='line_1_44' title="bbox 101 2159 671 2205; baseline 0.007 -16"><span class='ocrx_word' id='word_1_259' title='bbox 101 2159 218 2198; x_wconf 84' lang='lat' dir='ltr'>hostia,</span> <span class='ocrx_word' id='word_1_260' title='bbox 246 2163 400 2193; x_wconf 85' lang='lat' dir='ltr'>lustrandi</span> <span class='ocrx_word' id='word_1_261' title='bbox 434 2174 522 2205; x_wconf 84' lang='lat' dir='ltr'>agros</span> <span class='ocrx_word' id='word_1_262' title='bbox 550 2174 671 2200; x_wconf 83' lang='lat' dir='ltr'>caussa,</span> 
     </span>
     <span class='ocr_line' id='line_1_45' title="bbox 102 2207 674 2251; baseline 0.007 -16"><span class='ocrx_word' id='word_1_263' title='bbox 102 2207 185 2236; x_wconf 77' lang='lat' dir='ltr'>circa</span> <span class='ocrx_word' id='word_1_264' title='bbox 202 2219 315 2238; x_wconf 83' lang='lat' dir='ltr'>novam</span> <span class='ocrx_word' id='word_1_265' title='bbox 335 2217 478 2251; x_wconf 82' lang='lat' dir='ltr'>segetem.</span> <span class='ocrx_word' id='word_1_266' title='bbox 499 2209 591 2240; x_wconf 66' lang='lat' dir='ltr'>Felioe</span> <span class='ocrx_word' id='word_1_267' title='bbox 606 2210 674 2239; x_wconf 77' lang='lat' dir='ltr'>hos-</span> 
     </span>
    </p>
   </div>
   <div class='ocr_carea' id='block_1_10' title="bbox 721 871 1346 2248">
    <p class='ocr_par' dir='ltr' id='par_1_16' title="bbox 721 871 1346 2248">
     <span class='ocr_line' id='line_1_46' title="bbox 733 871 1304 910; baseline -0.007 -6"><span class='ocrx_word' id='word_1_268' title='bbox 733 876 781 904; x_wconf 85' lang='lat' dir='ltr'>his</span> <span class='ocrx_word' id='word_1_269' title='bbox 797 874 921 904; x_wconf 75' lang='lat' dir='ltr'>dubitat</span> <span class='ocrx_word' id='word_1_270' title='bbox 932 884 1024 903; x_wconf 86' lang='lat' dir='ltr'>nemo</span> <span class='ocrx_word' id='word_1_271' title='bbox 1036 884 1043 910; x_wconf 89' lang='lat'>;</span> <span class='ocrx_word' id='word_1_272' title='bbox 1055 874 1103 902; x_wconf 82' lang='lat' dir='ltr'>uti</span> <span class='ocrx_word' id='word_1_273' title='bbox 1115 882 1174 901; x_wconf 82' lang='lat' dir='ltr'>nec</span> <span class='ocrx_word' id='word_1_274' title='bbox 1184 871 1223 901; x_wconf 88' lang='lat' dir='ltr'>de</span> <span class='ocrx_word' id='word_1_275' title='bbox 1232 871 1304 907; x_wconf 81' lang='lat' dir='ltr'>hoc,</span> 
     </span>
     <span class='ocr_line' id='line_1_47' title="bbox 733 918 1305 954; baseline -0.007 -4"><span class='ocrx_word' id='word_1_276' title='bbox 733 921 867 950; x_wconf 85' lang='lat' dir='ltr'>hostiam</span> <span class='ocrx_word' id='word_1_277' title='bbox 879 921 1015 950; x_wconf 83' lang='lat' dir='ltr'>sterilem</span> <span class='ocrx_word' id='word_1_278' title='bbox 1025 920 1119 949; x_wconf 85' lang='lat' dir='ltr'>sacris</span> <span class='ocrx_word' id='word_1_279' title='bbox 1129 918 1287 947; x_wconf 81' lang='lat' dir='ltr'>admoveri</span> <span class='ocrx_word' id='word_1_280' title='bbox 1298 943 1305 954; x_wconf 78' lang='grc'><strong>,</strong></span> 
     </span>
     <span class='ocr_line' id='line_1_48' title="bbox 733 966 1304 1005; baseline -0.007 -8"><span class='ocrx_word' id='word_1_281' title='bbox 733 967 818 997; x_wconf 80' lang='lat' dir='ltr'>nefas</span> <span class='ocrx_word' id='word_1_282' title='bbox 833 968 926 997; x_wconf 76' lang='lat' dir='ltr'>fuisse</span> <span class='ocrx_word' id='word_1_283' title='bbox 945 977 952 996; x_wconf 89' lang='lat'>:</span> <span class='ocrx_word' id='word_1_284' title='bbox 974 966 1027 995; x_wconf 82' lang='lat' dir='ltr'>sed</span> <span class='ocrx_word' id='word_1_285' title='bbox 1041 975 1117 994; x_wconf 88' lang='lat' dir='ltr'>usus</span> <span class='ocrx_word' id='word_1_286' title='bbox 1132 971 1304 1005; x_wconf 83' lang='lat' dir='ltr'>perpetuus</span> 
     </span>
     <span class='ocr_line' id='line_1_49' title="bbox 733 1011 1302 1052; baseline -0.007 -10"><span class='ocrx_word' id='word_1_287' title='bbox 733 1014 775 1042; x_wconf 86' lang='lat' dir='ltr'>ita</span> <span class='ocrx_word' id='word_1_288' title='bbox 790 1014 864 1050; x_wconf 87' lang='lat' dir='ltr'>fert,</span> <span class='ocrx_word' id='word_1_289' title='bbox 889 1020 925 1043; x_wconf 91' lang='lat' dir='ltr'>ut</span> <span class='ocrx_word' id='word_1_290' title='bbox 944 1013 1131 1052; x_wconf 75' lang='lat' dir='ltr'>accipiamus</span> <span class='ocrx_word' id='word_1_291' title='bbox 1149 1011 1281 1040; x_wconf 76' lang='lat' dir='ltr'>hostiam</span> <span class='ocrx_word' id='word_1_292' title='bbox 1295 1033 1302 1045; x_wconf 75' lang='lat'><em>‚</em></span> 
     </span>
     <span class='ocr_line' id='line_1_50' title="bbox 735 1058 1302 1099; baseline -0.009 -10"><span class='ocrx_word' id='word_1_293' title='bbox 735 1070 795 1098; x_wconf 86' lang='lat' dir='ltr'>qua</span> <span class='ocrx_word' id='word_1_294' title='bbox 834 1060 917 1088; x_wconf 81' lang='lat' dir='ltr'>litari</span> <span class='ocrx_word' id='word_1_295' title='bbox 956 1065 1058 1099; x_wconf 89' lang='lat' dir='ltr'>potest</span> <span class='ocrx_word' id='word_1_296' title='bbox 1075 1080 1083 1094; x_wconf 81' lang='grc'>,</span> <span class='ocrx_word' id='word_1_297' title='bbox 1114 1058 1189 1096; x_wconf 86' lang='lat' dir='ltr'>quia</span> <span class='ocrx_word' id='word_1_298' title='bbox 1224 1067 1302 1096; x_wconf 82' lang='lat' dir='ltr'>pura</span> 
     </span>
     <span class='ocr_line' id='line_1_51' title="bbox 735 1102 1303 1144; baseline -0.007 -10"><span class='ocrx_word' id='word_1_299' title='bbox 735 1112 765 1134; x_wconf 82' lang='lat' dir='ltr'>et</span> <span class='ocrx_word' id='word_1_300' title='bbox 795 1104 950 1134; x_wconf 81' lang='lat' dir='ltr'>sacrificio</span> <span class='ocrx_word' id='word_1_301' title='bbox 986 1111 1056 1144; x_wconf 87' lang='lat' dir='ltr'>apta</span> <span class='ocrx_word' id='word_1_302' title='bbox 1092 1102 1214 1142; x_wconf 86' lang='lat' dir='ltr'>diisque</span> <span class='ocrx_word' id='word_1_303' title='bbox 1236 1113 1303 1142; x_wconf 83' lang='lat' dir='ltr'>gra-</span> 
     </span>
     <span class='ocr_line' id='line_1_52' title="bbox 735 1148 1302 1191; baseline -0.009 -11"><span class='ocrx_word' id='word_1_304' title='bbox 735 1157 764 1180; x_wconf 82' lang='lat' dir='ltr'>ta</span> <span class='ocrx_word' id='word_1_305' title='bbox 790 1158 850 1187; x_wconf 90' lang='lat' dir='ltr'>est;</span> <span class='ocrx_word' id='word_1_306' title='bbox 875 1161 1010 1191; x_wconf 81' lang='lat' dir='ltr'>quaeque</span> <span class='ocrx_word' id='word_1_307' title='bbox 1046 1148 1122 1178; x_wconf 81' lang='lat' dir='ltr'>adeo</span> <span class='ocrx_word' id='word_1_308' title='bbox 1158 1155 1203 1177; x_wconf 88' lang='lat' dir='ltr'>est</span> <span class='ocrx_word' id='word_1_309' title='bbox 1237 1148 1302 1177; x_wconf 80' lang='lat' dir='ltr'>feli-</span> 
     </span>
     <span class='ocr_line' id='line_1_53' title="bbox 733 1193 1301 1233; baseline -0.007 -8"><span class='ocrx_word' id='word_1_310' title='bbox 733 1197 777 1225; x_wconf 87' lang='lat' dir='ltr'>cis</span> <span class='ocrx_word' id='word_1_311' title='bbox 810 1198 943 1233; x_wconf 85' lang='lat' dir='ltr'>ominis,</span> <span class='ocrx_word' id='word_1_312' title='bbox 971 1203 1002 1225; x_wconf 86' lang='lat' dir='ltr'>ct</span> <span class='ocrx_word' id='word_1_313' title='bbox 1024 1195 1147 1224; x_wconf 85' lang='lat' dir='ltr'>bonum</span> <span class='ocrx_word' id='word_1_314' title='bbox 1164 1193 1301 1233; x_wconf 71' lang='lat' dir='ltr'>‘frugum</span> 
     </span>
     <span class='ocr_line' id='line_1_54' title="bbox 731 1240 1302 1282; baseline -0.005 -12"><span class='ocrx_word' id='word_1_315' title='bbox 731 1250 923 1282; x_wconf 84' lang='lat' dir='ltr'>proventum</span> <span class='ocrx_word' id='word_1_316' title='bbox 950 1240 1132 1281; x_wconf 84' lang='lat' dir='ltr'>portendit,</span> <span class='ocrx_word' id='word_1_317' title='bbox 1161 1246 1214 1268; x_wconf 90' lang='lat' dir='ltr'>aut</span> <span class='ocrx_word' id='word_1_318' title='bbox 1237 1241 1302 1279; x_wconf 78' lang='lat' dir='ltr'>ipsa</span> 
     </span>
     <span class='ocr_line' id='line_1_55' title="bbox 730 1285 1302 1328; baseline -0.007 -11"><span class='ocrx_word' id='word_1_319' title='bbox 730 1288 829 1317; x_wconf 79' lang='lat' dir='ltr'>felicis</span> <span class='ocrx_word' id='word_1_320' title='bbox 856 1294 1029 1328; x_wconf 88' lang='lat' dir='ltr'>proventus</span> <span class='ocrx_word' id='word_1_321' title='bbox 1060 1296 1185 1322; x_wconf 81' lang='lat' dir='ltr'>caussa,</span> <span class='ocrx_word' id='word_1_322' title='bbox 1201 1285 1302 1324; x_wconf 80' lang='lat' dir='ltr'>placa-</span> 
     </span>
     <span class='ocr_line' id='line_1_56' title="bbox 730 1332 1346 1374; baseline -0.005 -12"><span class='ocrx_word' id='word_1_323' title='bbox 730 1335 769 1362; x_wconf 87' lang='lat' dir='ltr'>tis</span> <span class='ocrx_word' id='word_1_324' title='bbox 787 1345 843 1374; x_wconf 85' lang='lat' dir='ltr'>per</span> <span class='ocrx_word' id='word_1_325' title='bbox 865 1345 931 1363; x_wconf 80' lang='lat' dir='ltr'>eam</span> <span class='ocrx_word' id='word_1_326' title='bbox 956 1333 1034 1369; x_wconf 82' lang='lat' dir='ltr'>diis,</span> <span class='ocrx_word' id='word_1_327' title='bbox 1056 1332 1165 1361; x_wconf 83' lang='lat' dir='ltr'>haberi</span> <span class='ocrx_word' id='word_1_328' title='bbox 1187 1337 1300 1370; x_wconf 82' lang='lat' dir='ltr'>potest.</span> <span class='ocrx_word' id='word_1_329' title='bbox 1343 1364 1346 1372; x_wconf 85' lang='lat'><em>.</em></span> 
     </span>
     <span class='ocr_line' id='line_1_57' title="bbox 730 1376 1300 1415; baseline -0.009 -5"><span class='ocrx_word' id='word_1_330' title='bbox 730 1395 775 1402; x_wconf 74' lang='lat'><strong>—</strong></span> <span class='ocrx_word' id='word_1_331' title='bbox 788 1380 864 1415; x_wconf 68' lang='lat'>346.</span> <span class='ocrx_word' id='word_1_332' title='bbox 884 1379 1001 1409; x_wconf 77' lang='lat' dir='ltr'>Chorus</span> <span class='ocrx_word' id='word_1_333' title='bbox 1018 1386 1050 1407; x_wconf 82' lang='lat' dir='ltr'>et</span> <span class='ocrx_word' id='word_1_334' title='bbox 1060 1377 1151 1414; x_wconf 81' lang='lat' dir='ltr'>socii,</span> <span class='ocrx_word' id='word_1_335' title='bbox 1169 1384 1214 1406; x_wconf 85' lang='lat' dir='ltr'>est</span> <span class='ocrx_word' id='word_1_336' title='bbox 1227 1376 1300 1406; x_wconf 87' lang='lat' dir='ltr'>cho-</span> 
     </span>
     <span class='ocr_line' id='line_1_58' title="bbox 730 1423 1300 1465; baseline -0.005 -11"><span class='ocrx_word' id='word_1_337' title='bbox 730 1436 785 1454; x_wconf 87' lang='lat' dir='ltr'>rus</span> <span class='ocrx_word' id='word_1_338' title='bbox 814 1428 992 1464; x_wconf 81' lang='lat' dir='ltr'>sociorum,</span> <span class='ocrx_word' id='word_1_339' title='bbox 1018 1435 1076 1465; x_wconf 88' lang='lat' dir='ltr'>pro</span> <span class='ocrx_word' id='word_1_340' title='bbox 1111 1423 1214 1453; x_wconf 83' lang='lat' dir='ltr'>turba.</span> <span class='ocrx_word' id='word_1_341' title='bbox 1239 1424 1300 1451; x_wconf 85' lang='lat' dir='ltr'>Int.</span> 
     </span>
     <span class='ocr_line' id='line_1_59' title="bbox 730 1473 1299 1511; baseline 0 -10"><span class='ocrx_word' id='word_1_342' title='bbox 730 1478 835 1501; x_wconf 82' lang='lat' dir='ltr'>autem</span> <span class='ocrx_word' id='word_1_343' title='bbox 866 1473 966 1501; x_wconf 88' lang='lat' dir='ltr'>socios</span> <span class='ocrx_word' id='word_1_344' title='bbox 995 1480 1143 1511; x_wconf 80' lang='lat' dir='ltr'>operum,</span> <span class='ocrx_word' id='word_1_345' title='bbox 1169 1479 1280 1497; x_wconf 60' lang='lat' dir='ltr'>Ternas</span> <span class='ocrx_word' id='word_1_346' title='bbox 1292 1491 1299 1501; x_wconf 59' lang='lat'>2</span> 
     </span>
     <span class='ocr_line' id='line_1_60' title="bbox 730 1513 1299 1555; baseline -0.007 -10"><span class='ocrx_word' id='word_1_347' title='bbox 730 1523 767 1545; x_wconf 90' lang='lat' dir='ltr'>ut</span> <span class='ocrx_word' id='word_1_348' title='bbox 792 1519 841 1555; x_wconf 88' lang='grc' dir='ltr'>ΙΙ,</span> <span class='ocrx_word' id='word_1_349' title='bbox 861 1518 936 1548; x_wconf 82' lang='lat'><strong>528.</strong></span> <span class='ocrx_word' id='word_1_350' title='bbox 954 1536 998 1540; x_wconf 78' lang='lat'>-—</span> <span class='ocrx_word' id='word_1_351' title='bbox 1024 1518 1099 1555; x_wconf 78' lang='lat'>347.</span> <span class='ocrx_word' id='word_1_352' title='bbox 1122 1517 1243 1543; x_wconf 80' lang='lat' dir='ltr'>Vocare</span> <span class='ocrx_word' id='word_1_353' title='bbox 1267 1513 1299 1542; x_wconf 84' lang='lat' dir='ltr'>in</span> 
     </span>
     <span class='ocr_line' id='line_1_61' title="bbox 731 1562 1300 1601; baseline -0.007 -9"><span class='ocrx_word' id='word_1_354' title='bbox 731 1570 830 1601; x_wconf 79' lang='lat' dir='ltr'>tecta,</span> <span class='ocrx_word' id='word_1_355' title='bbox 856 1572 892 1594; x_wconf 89' lang='lat' dir='ltr'>ut</span> <span class='ocrx_word' id='word_1_356' title='bbox 909 1564 1006 1601; x_wconf 88' lang='lat' dir='ltr'>adsit,</span> <span class='ocrx_word' id='word_1_357' title='bbox 1035 1564 1194 1593; x_wconf 83' lang='lat' dir='ltr'>invocare.</span> <span class='ocrx_word' id='word_1_358' title='bbox 1222 1562 1300 1589; x_wconf 86' lang='lat' dir='ltr'>Lau-</span> 
     </span>
     <span class='ocr_line' id='line_1_62' title="bbox 731 1607 1300 1647; baseline -0.004 -10"><span class='ocrx_word' id='word_1_359' title='bbox 731 1608 806 1639; x_wconf 86' lang='lat' dir='ltr'>dant</span> <span class='ocrx_word' id='word_1_360' title='bbox 822 1610 946 1640; x_wconf 83' lang='lat' dir='ltr'>Colum.</span> <span class='ocrx_word' id='word_1_361' title='bbox 960 1613 989 1641; x_wconf 81' lang='lat' dir='ltr'>X</span> <span class='ocrx_word' id='word_1_362' title='bbox 1001 1633 1008 1647; x_wconf 86' lang='lat'>,</span> <span class='ocrx_word' id='word_1_363' title='bbox 1027 1610 1103 1645; x_wconf 74' lang='lat'>430.</span> <span class='ocrx_word' id='word_1_364' title='bbox 1120 1609 1164 1636; x_wconf 84' lang='lat' dir='ltr'>Et</span> <span class='ocrx_word' id='word_1_365' title='bbox 1179 1614 1209 1635; x_wconf 85' lang='lat' dir='ltr'>te</span> <span class='ocrx_word' id='word_1_366' title='bbox 1223 1607 1300 1635; x_wconf 66' lang='lat' dir='ltr'>Mee-</span> 
     </span>
     <span class='ocr_line' id='line_1_63' title="bbox 732 1654 1300 1692; baseline -0.005 -9"><span class='ocrx_word' id='word_1_367' title='bbox 732 1656 853 1685; x_wconf 81' lang='lat' dir='ltr'>nalinm</span> <span class='ocrx_word' id='word_1_368' title='bbox 872 1679 881 1692; x_wconf 93' lang='lat'><em>‚</em></span> <span class='ocrx_word' id='word_1_369' title='bbox 920 1663 949 1685; x_wconf 86' lang='lat' dir='ltr'>te</span> <span class='ocrx_word' id='word_1_370' title='bbox 986 1654 1146 1685; x_wconf 78' lang='lat' dir='ltr'>Bacchum</span> <span class='ocrx_word' id='word_1_371' title='bbox 1164 1675 1172 1688; x_wconf 81' lang='lat'>‚</span> <span class='ocrx_word' id='word_1_372' title='bbox 1208 1659 1300 1692; x_wconf 78' lang='lat' dir='ltr'>teque</span> 
     </span>
     <span class='ocr_line' id='line_1_64' title="bbox 732 1703 1302 1742; baseline -0.009 -11"><span class='ocrx_word' id='word_1_373' title='bbox 732 1703 861 1740; x_wconf 72' lang='lat' dir='ltr'>Lyceum</span> <span class='ocrx_word' id='word_1_374' title='bbox 875 1704 1090 1742; x_wconf 74' lang='lat' dir='ltr'>Lenoeumqne</span> <span class='ocrx_word' id='word_1_375' title='bbox 1104 1706 1233 1739; x_wconf 76' lang='lat' dir='ltr'>patrem</span> <span class='ocrx_word' id='word_1_376' title='bbox 1250 1708 1302 1727; x_wconf 85' lang='lat' dir='ltr'>ca-</span> 
     </span>
     <span class='ocr_line' id='line_1_65' title="bbox 732 1747 1300 1779; baseline -0.007 -4"><span class='ocrx_word' id='word_1_377' title='bbox 732 1747 834 1778; x_wconf 78' lang='lat' dir='ltr'>nimus</span> <span class='ocrx_word' id='word_1_378' title='bbox 861 1749 916 1778; x_wconf 76' lang='lat' dir='ltr'>sab</span> <span class='ocrx_word' id='word_1_379' title='bbox 943 1755 1025 1777; x_wconf 80' lang='lat' dir='ltr'>tecta</span> <span class='ocrx_word' id='word_1_380' title='bbox 1059 1752 1215 1776; x_wconf 72' lang='lat' dir='ltr'>vocantes</span> <span class='ocrx_word' id='word_1_381' title='bbox 1230 1756 1242 1779; x_wconf 84' lang='lat'>‚·</span> <span class='ocrx_word' id='word_1_382' title='bbox 1270 1751 1300 1772; x_wconf 85' lang='lat' dir='ltr'>et</span> 
     </span>
     <span class='ocr_line' id='line_1_66' title="bbox 731 1790 1299 1830; baseline -0.009 -7"><span class='ocrx_word' id='word_1_383' title='bbox 731 1795 840 1824; x_wconf 85' lang='lat' dir='ltr'>Horat.</span> <span class='ocrx_word' id='word_1_384' title='bbox 866 1795 967 1825; x_wconf 86' lang='lat' dir='ltr'>Carm.</span> <span class='ocrx_word' id='word_1_385' title='bbox 985 1796 1016 1830; x_wconf 87' lang='grc' dir='ltr'>Ι,</span> <span class='ocrx_word' id='word_1_386' title='bbox 1033 1794 1074 1823; x_wconf 85' lang='lat'>30</span> <span class='ocrx_word' id='word_1_387' title='bbox 1087 1815 1094 1829; x_wconf 90' lang='lat'>,</span> <span class='ocrx_word' id='word_1_388' title='bbox 1118 1793 1134 1821; x_wconf 77' lang='lat'><strong>3</strong></span> <span class='ocrx_word' id='word_1_389' title='bbox 1152 1790 1299 1820; x_wconf 66' lang='lat' dir='ltr'>vocantis</span> 
     </span>
     <span class='ocr_line' id='line_1_67' title="bbox 733 1838 1300 1878; baseline -0.007 -10"><span class='ocrx_word' id='word_1_390' title='bbox 733 1841 812 1870; x_wconf 81' lang='lat' dir='ltr'>Ture</span> <span class='ocrx_word' id='word_1_391' title='bbox 834 1848 863 1870; x_wconf 84' lang='lat' dir='ltr'>te</span> <span class='ocrx_word' id='word_1_392' title='bbox 888 1840 986 1869; x_wconf 79' lang='lat' dir='ltr'>multo</span> <span class='ocrx_word' id='word_1_393' title='bbox 1012 1840 1155 1878; x_wconf 79' lang='lat' dir='ltr'>Glyceroe</span> <span class='ocrx_word' id='word_1_394' title='bbox 1186 1838 1213 1866; x_wconf 95' lang='lat' dir='ltr'><em>T</em></span> <span class='ocrx_word' id='word_1_395' title='bbox 1212 1846 1300 1865; x_wconf 77' lang='lat' dir='ltr'>rans-</span> 
     </span>
     <span class='ocr_line' id='line_1_68' title="bbox 721 1885 1300 1926; baseline -0.007 -12"><span class='ocrx_word' id='word_1_396' title='bbox 721 1885 781 1926; x_wconf 75' lang='lat' dir='ltr'>fer</span> <span class='ocrx_word' id='word_1_397' title='bbox 798 1886 830 1916; x_wconf 85' lang='lat' dir='ltr'>ilz</span> <span class='ocrx_word' id='word_1_398' title='bbox 841 1885 1082 1921; x_wconf 44' lang='lat' dir='ltr'>cedema—348.</span> <span class='ocrx_word' id='word_1_399' title='bbox 1095 1885 1208 1924; x_wconf 82' lang='lat' dir='ltr'>Neque</span> <span class='ocrx_word' id='word_1_400' title='bbox 1223 1890 1300 1911; x_wconf 81' lang='lat' dir='ltr'>ante</span> 
     </span>
     <span class='ocr_line' id='line_1_69' title="bbox 730 1929 1299 1969; baseline -0.005 -9"><span class='ocrx_word' id='word_1_401' title='bbox 730 1933 858 1961; x_wconf 75' lang='lat' dir='ltr'>Falcem</span> <span class='ocrx_word' id='word_1_402' title='bbox 876 1943 916 1962; x_wconf 85' lang='lat' dir='ltr'>m.</span> <span class='ocrx_word' id='word_1_403' title='bbox 936 1943 996 1961; x_wconf 85' lang='lat' dir='ltr'>nec</span> <span class='ocrx_word' id='word_1_404' title='bbox 1012 1938 1128 1960; x_wconf 83' lang='lat' dir='ltr'>metere</span> <span class='ocrx_word' id='word_1_405' title='bbox 1145 1929 1299 1969; x_wconf 87' lang='lat' dir='ltr'>incipiant</span> 
     </span>
     <span class='ocr_line' id='line_1_70' title="bbox 730 1974 1298 2018; baseline -0.005 -12"><span class='ocrx_word' id='word_1_406' title='bbox 730 1978 873 2018; x_wconf 78' lang='lat' dir='ltr'>agricolae</span> <span class='ocrx_word' id='word_1_407' title='bbox 884 2001 892 2013; x_wconf 88' lang='lat'>,</span> <span class='ocrx_word' id='word_1_408' title='bbox 908 1979 970 2007; x_wconf 87' lang='lat' dir='ltr'>nisi</span> <span class='ocrx_word' id='word_1_409' title='bbox 995 1978 1089 2007; x_wconf 84' lang='lat' dir='ltr'>sacris</span> <span class='ocrx_word' id='word_1_410' title='bbox 1114 1976 1219 2006; x_wconf 84' lang='lat' dir='ltr'>Cereri</span> <span class='ocrx_word' id='word_1_411' title='bbox 1237 1974 1298 2004; x_wconf 85' lang='lat' dir='ltr'>fac-</span> 
     </span>
     <span class='ocr_line' id='line_1_71' title="bbox 728 2021 1297 2061; baseline -0.005 -9"><span class='ocrx_word' id='word_1_412' title='bbox 728 2025 777 2053; x_wconf 85' lang='lat' dir='ltr'>tis.</span> <span class='ocrx_word' id='word_1_413' title='bbox 799 2024 838 2054; x_wconf 84' lang='lat' dir='ltr'>cf.</span> <span class='ocrx_word' id='word_1_414' title='bbox 856 2025 943 2054; x_wconf 81' lang='lat' dir='ltr'>Cato.</span> <span class='ocrx_word' id='word_1_415' title='bbox 967 2035 994 2054; x_wconf 90' lang='lat' dir='ltr'>c.</span> <span class='ocrx_word' id='word_1_416' title='bbox 1018 2025 1092 2059; x_wconf 76' lang='lat'>134.</span> <span class='ocrx_word' id='word_1_417' title='bbox 1108 2021 1297 2061; x_wconf 78' lang='lat' dir='ltr'>Priusquam</span> 
     </span>
     <span class='ocr_line' id='line_1_72' title="bbox 728 2067 1298 2111; baseline -0.005 -12"><span class='ocrx_word' id='word_1_418' title='bbox 728 2070 851 2099; x_wconf 76' lang='lat' dir='ltr'>messim</span> <span class='ocrx_word' id='word_1_419' title='bbox 856 2069 982 2111; x_wconf 77' lang='lat' dir='ltr'>facies,</span> <span class='ocrx_word' id='word_1_420' title='bbox 996 2080 1132 2110; x_wconf 82' lang='lat' dir='ltr'>porcam</span> <span class='ocrx_word' id='word_1_421' title='bbox 1137 2067 1298 2109; x_wconf 78' lang='lat' dir='ltr'>prcecida-</span> 
     </span>
     <span class='ocr_line' id='line_1_73' title="bbox 729 2115 1296 2159; baseline -0.004 -14"><span class='ocrx_word' id='word_1_422' title='bbox 729 2127 824 2146; x_wconf 76' lang='lat' dir='ltr'>neam</span> <span class='ocrx_word' id='word_1_423' title='bbox 847 2116 927 2159; x_wconf 81' lang='lat' dir='ltr'>fieri</span> <span class='ocrx_word' id='word_1_424' title='bbox 958 2123 1080 2157; x_wconf 76' lang='lat' dir='ltr'>oportet</span> <span class='ocrx_word' id='word_1_425' title='bbox 1104 2126 1149 2156; x_wconf 89' lang='lat' dir='ltr'>sq.</span> <span class='ocrx_word' id='word_1_426' title='bbox 1167 2115 1296 2153; x_wconf 71' lang='grc'><strong>-349,</strong></span> 
     </span>
     <span class='ocr_line' id='line_1_74' title="bbox 728 2162 1298 2193; baseline -0.009 0"><span class='ocrx_word' id='word_1_427' title='bbox 728 2163 939 2193; x_wconf 75' lang='lat' dir='ltr'>Redimancur</span> <span class='ocrx_word' id='word_1_428' title='bbox 952 2162 1074 2193; x_wconf 78' lang='lat' dir='ltr'>Zalich.</span> <span class='ocrx_word' id='word_1_429' title='bbox 1091 2180 1136 2184; x_wconf 89' lang='lat'>—</span> <span class='ocrx_word' id='word_1_430' title='bbox 1158 2162 1233 2190; x_wconf 83' lang='lat'>350.</span> <span class='ocrx_word' id='word_1_431' title='bbox 1251 2162 1298 2189; x_wconf 86' lang='lat' dir='ltr'>De</span> 
     </span>
     <span class='ocr_line' id='line_1_75' title="bbox 727 2207 1300 2248; baseline -0.005 -10"><span class='ocrx_word' id='word_1_432' title='bbox 727 2209 888 2240; x_wconf 80' lang='lat' dir='ltr'>incondita</span> <span class='ocrx_word' id='word_1_433' title='bbox 911 2209 1096 2245; x_wconf 75' lang='lat' dir='ltr'>saltatione,</span> <span class='ocrx_word' id='word_1_434' title='bbox 1113 2218 1174 2248; x_wconf 84' lang='lat' dir='ltr'>qua</span> <span class='ocrx_word' id='word_1_435' title='bbox 1191 2207 1300 2236; x_wconf 81' lang='lat' dir='ltr'>carmi-</span> 
     </span>
    </p>
   </div>
  </div>
 </body>
</html>
