1408 2428
575 59 746 89 ECLOGA
771 61 815 90 ΙΙ.
1258 71 1297 89 21.

86 123 163 156 Nec
179 131 262 156 sum
278 118 373 155 adeo
389 116 561 154 informis
579 131 586 152 ε
604 130 728 167 nuper
744 130 802 153 mc
820 117 858 153 in
873 117 984 154 litore
1000 117 1102 163 vidi,
1266 126 1297 150 25

83 248 205 288 gistius
216 271 224 284 ,
248 247 344 278 modo
359 248 453 278 latius
467 256 639 289 patuerunt
651 260 659 286 ;

84 305 151 324 11011
166 294 260 336 longe
279 295 317 324 ab
334 295 414 325 urbe
430 295 595 326 Pleurone.
610 296 662 326 Ad

85 341 171 370 hunc
188 341 350 371 referenda
363 342 430 371 haec
445 353 510 372 esse
529 350 661 372 conten-

84 387 131 416 dit
141 388 313 417 Palmerius
328 389 430 419 Graec.
449 396 513 420 ant.
531 391 587 426 IV,
609 400 659 426 10,

85 433 241 475 docetque
252 445 325 465 eum
336 442 473 465 tractum
485 433 581 468 ἀκτὴν
598 435 662 466 dici

86 481 171 521 apud
187 483 363 511 Homerum
374 505 383 519 ‚
399 483 474 522 quia
496 483 610 512 Ithacae
631 489 662 512 et

87 527 297 568 Cephallenioe
321 529 433 557 insulis
466 540 506 557 ex
531 529 661 558 adverso

86 575 164 604 situs
177 582 223 604 est
238 576 273 604 in
287 576 482 604 continente.
500 575 664 615 Amphion

87 628 191 651 tamen
215 623 250 651 iu
269 621 449 651 Acarnania
473 621 568 650 fuisse
591 633 664 651 nus-

84 679 181 708 quam
203 668 328 709 legitur.
358 668 509 698 Occurrit
535 674 565 697 et
587 667 664 697 huic

86 716 132 744 rei
146 715 199 751 ita,
217 721 253 744 ut
269 715 384 754 partim
397 724 456 743 nos
474 723 540 743 non
556 715 663 744 omnia

87 760 126 790 de
149 761 208 790 hac
232 760 338 790 fabula
362 766 532 790 memorata
556 767 662 790 tenere

87 807 180 845 dicat,
198 808 313 848 partim
329 807 424 835 verba
437 806 504 835 haec
523 815 530 835 :
548 807 588 834 In
602 808 663 835 Ac-

87 862 148 884 toeo
173 851 379 891 Aracyntho,
403 853 532 881 initium
549 853 661 881 carmi-

87 903 137 931 nis
155 901 222 929 noti
239 899 331 928 faciat
342 922 350 936 ,
366 905 402 927 ut
421 898 506 938 apud
522 897 659 929 Theocr.

87 946 182 987 Idyll.
203 947 259 983 IV,
277 946 330 982 31,
357 946 396 974 32
418 943 488 975 fieri
507 951 615 985 putat,
633 952 664 975 et

88 1000 125 1023 ut
140 999 246 1023 noster
256 991 329 1022 fecit
342 991 407 1022 Ecl.
422 994 463 1028 V,
483 992 536 1021 86.
555 992 665 1030 87,ut-

89 1050 151 1080 que
177 1039 229 1068 alii
253 1038 392 1074 faciunt,
407 1049 438 1068 V.
455 1050 481 1068 c.
498 1039 662 1079 Aristoph.

89 1085 175 1117 Nub.
191 1085 269 1125 964.
292 1083 364 1115 Alia
387 1085 532 1125 exempla
556 1096 586 1115 v.
613 1096 662 1126 ap.

87 1132 190 1162 Bentl.
208 1132 247 1161 ad
262 1134 372 1162 Horat.
390 1132 405 1160 I
420 1133 517 1161 Serm.
535 1132 564 1169 3,
584 1142 599 1169 7
607 1133 664 1162 .Et

88 1178 168 1208 forte
184 1178 223 1208 ad
237 1178 374 1208 eundem
392 1178 524 1208 modum
542 1177 664 1207 trahen-

87 1225 121 1255 di
135 1235 244 1254 versus
253 1226 361 1255 Bionis
372 1224 465 1265 ldyll.
479 1226 526 1253 111
530 1224 600 1264 ‚(al.
604 1225 664 1265 VI)

90 1282 120 1309 7.
143 1281 188 1311 sq.
198 1293 207 1308 ‚
224 1278 261 1300 ut
279 1277 461 1312 argumenta
485 1272 663 1300 carminum

87 1319 160 1353 sint,
172 1327 243 1357 quae
256 1324 348 1358 poeta
359 1319 511 1348 Amorem
527 1317 662 1347 edocue-

87 1364 138 1393 rit.
147 1365 269 1393 Verum
282 1365 355 1394 satis
377 1371 523 1394 contorta
536 1371 582 1393 est
598 1374 664 1393 om-

87 1410 137 1438 nis
160 1409 214 1438 illa
241 1410 386 1440 Palmerii
413 1411 492 1439 ratio
510 1433 518 1447 ‚
544 1416 575 1438 et
599 1416 664 1438 tota

87 1453 278 1494 Amphionis
289 1478 298 1492 ‚
312 1456 368 1495 qui
376 1456 456 1495 lyrae
471 1463 567 1485 cantu
586 1455 664 1484 The-

87 1501 142 1530 bas
161 1501 306 1530 condidit
321 1502 453 1542 (Horat.
471 1503 541 1531 Art.
563 1501 658 1540 394),

86 1546 192 1576 fabula
199 1547 237 1576 ad
246 1548 399 1577 Boeotiam
408 1549 556 1586 pertinet;
567 1547 660 1577 etiam

84 1593 138 1622 hic
169 1593 333 1633 Amphion
361 1593 504 1622 Dircoeus
533 1605 549 1622 a
571 1594 660 1622 fonte

85 1640 225 1670 Boeotiae.
241 1641 325 1670 Tum
350 1650 425 1669 vero
458 1650 518 1669 nec
551 1638 660 1669 deficit

85 1685 264 1738 Aracynthi
278 1687 395 1716 montis
410 1696 527 1716 nomen
549 1694 580 1715 et
595 1696 659 1714 me-

85 1733 185 1762 moria
198 1732 234 1761 in
248 1733 386 1763 Boeotia:
397 1743 471 1762 nam
485 1743 552 1762 non
564 1732 661 1762 modo

85 1779 191 1819 Steph.
208 1780 283 1820 Byz.
300 1770 486 1824 Ᾰροίκυντος,
503 1777 569 1821 ὅρος
592 1782 629 1808 Bo
635 1790 658 1808 ι-

86 1823 198 1862 ωτίοις,
220 1823 274 1865 ἀφ’
290 1818 324 1855 οὗ
346 1816 447 1858 Αθηνᾶ
469 1817 621 1868 Apama&
625 1836 656 1861 α,

85 1878 116 1900 et
133 1871 248 1901 Vibius
266 1874 432 1911 Seqnester
446 1872 479 1901 id
494 1879 654 1901 asserunt:

85 1917 155 1948 add.
179 1920 281 1947 Lutat.
307 1918 345 1947 ad
369 1919 457 1949 Statu·
479 1918 580 1949 Theb.
605 1920 655 1954 ΙΙ,

86 1965 164 2004 239,
183 1971 214 1993 et
231 1965 317 1995 Sext.
344 1964 415 1995 adv.
439 1965 613 1994 Grammat.
630 1966 657 2000 Ι,

89 2021 146 2047 12,
169 2021 202 2051 p.
229 2020 316 2047 2703
337 2021 449 2040 verum
472 2018 504 2041 et
526 2011 658 2040 illustris

84 2064 130 2087 est
149 2057 303 2097 Propertii
318 2056 408 2086 locus
423 2058 488 2094 ΙΙΙ,
510 2058 547 2086 13
561 2080 569 2093 ,
595 2056 656 2097 (al.

89 2103 139 2133 16.
158 2102 169 2143 )
192 2109 231 2139 41
262 2102 428 2143 victorque
450 2103 462 2143 (
481 2103 567 2132 ultus
592 2113 656 2131 ma-

51 2175 59 2183 .
84 2150 140 2180 tris
170 2150 342 2189 injuriam)
369 2149 508 2179 canebat
533 2151 658 2178 Poeana

85 2195 248 2237 Amphion
267 2206 353 2237 rupe,
374 2195 571 2235 Aracyncke,
591 2203 656 2226 tua.

716 248 776 290 (ad
791 259 886 289 quem
907 250 1016 279 locum
1041 249 1140 279 miror
1163 250 1198 279 in
1214 251 1296 280 Bur-

716 296 824 325 manni
839 295 913 325 edir.
932 296 1012 325 nihil
1031 307 1096 325 csse
1112 297 1295 337 notatum.)

715 342 822 372 Simile
838 342 916 382 quid
931 343 965 372 in
975 342 1138 382 Euripidis
1149 344 1295 384 Antiope

716 389 835 418 lectum
851 389 945 418 fuisse
961 388 999 417 de
1016 389 1215 429 Amphione,
1234 390 1299 420 col-

715 435 832 476 ligebat
860 445 901 464 ex
932 435 1037 465 Probo
1065 435 1277 465 Valkeuarius
1287 460 1296 475 ,

715 481 858 511 Diatribe
871 491 940 521 pag.
951 482 1005 511 66.
1023 482 1078 519 67.
1088 482 1186 511 Probi
1199 483 1296 512 verba

717 535 793 558 sunt
818 538 826 558 :
853 527 1070 567 Amphionem
1096 536 1128 558 ec
1159 528 1295 559 Zethum

718 574 889 614 Euripides
902 597 912 609 ,
954 574 1040 603 Jovz's
1073 585 1116 604 ex
1150 575 1295 616 Antiopa

718 620 920 662 Afra-teifilia
941 628 1043 657 natos,
1063 621 1112 650 ait
1131 623 1295 652 cantando

712 667 855 706 potuisse
873 675 1022 697 armenta
1036 678 1166 698 vocare.
1184 669 1215 698 Si
1229 680 1296 699 ree—

718 720 748 742 te
764 714 831 743 haec
847 724 863 742 a
883 713 988 743 Probo
1003 715 1120 754 scripta
1138 722 1224 751 sunt,
1239 715 1297 745 fir-

716 767 821 788 matur
836 758 910 788 inde
922 759 1017 789 lectio
1034 760 1160 790 Codicis
1177 761 1210 790 in
1223 764 1296 792 Pro-

716 812 796 845 pert.
827 805 848 834 l.
881 816 909 834 c.
942 807 1042 834 Prata
1070 814 1296 845 cruentantur3

718 849 837 880 Zethus
861 851 1028 892 'victorque
1051 852 1189 882 canebat
1204 856 1240 883 P.
1261 861 1297 883 ut

717 898 757 926 sit
782 896 900 927 Zethus
934 897 1100 939 victorque
1127 899 1292 939 Amphion

718 943 810 974 docte
842 954 901 983 pro
928 943 1047 974 Zethus
1068 944 1296 986 Amphionque

718 990 867 1021 victores.
885 994 888 996 '
914 992 994 1021 Nam
1037 991 1152 1032 frigent
1195 995 1296 1022 Prata

719 1036 829 1073 Zethi,
849 1036 967 1066 durum
990 1044 1037 1066 est
1060 1040 1162 1067 Prata
1183 1049 1293 1067 cruen-

719 1091 829 1114 tantur
845 1082 967 1120 Zetho;
985 1091 1016 1113 et
1027 1106 1035 1121 ,
1052 1095 1124 1124 quae
1145 1085 1196 1114 alii
1221 1096 1294 1115 con-

716 1131 835 1169 jectant
846 1152 854 1166 ,
871 1132 971 1159 Prata
989 1138 1196 1160 cruentantur
1217 1131 1295 1168 late,

718 1177 769 1206 vel
786 1187 857 1216 quae
876 1178 1047 1215 conjectari
1061 1179 1184 1218 possint
1195 1201 1203 1215 ‚
1221 1189 1250 1208 v,
1266 1188 1296 1207 c.

718 1223 808 1252 laems
825 1223 990 1264 victorque
1005 1236 1031 1253 c.
1041 1247 1049 1260 ‚
1064 1224 1187 1253 lubrica
1208 1230 1294 1253 suut.

719 1268 815 1310 Quod
840 1269 965 1298 tandem
993 1270 1198 1310 Aracynthus
1229 1271 1294 1299 Ac-

719 1323 796 1345 taeus
821 1323 968 1351 vocatur,
985 1323 1062 1355 puta
1085 1326 1123 1345 eo
1142 1323 1292 1356 spectare,

717 1361 805 1401 quod
832 1371 922 1390 mons
947 1361 1000 1390 ille
1024 1362 1083 1390 fuit
1113 1362 1148 1390 in
1172 1360 1293 1390 finibus

717 1408 846 1436 Boeotiae
861 1414 892 1436 et
907 1408 1033 1443 Am'cae,
1045 1407 1130 1437 unde
1145 1409 1292 1444 Actaeus3

718 1454 821 1482 omnis
845 1454 931 1482 enim
950 1454 1055 1483 Attica
1078 1455 1194 1483 Actaea
1217 1452 1293 1482 dici-

719 1507 781 1535 tur,
799 1499 831 1530 11.
849 1511 876 1529 e.
890 1499 1040 1537 litoralis,
1063 1499 1131 1529 ab
1120 1507 1206 1535 ,tc-te,
1222 1509 1294 1545 quae

714 1556 772 1586 pro
788 1545 880 1575 ἰίιωε
900 1545 1028 1576 dicitur.
1046 1545 1196 1576 Sextusl.
1213 1545 1234 1575 l.
1251 1536 1291 1574 A·

715 1589 858 1634 ράκυιθος
882 1593 935 1626 τῆς
966 1583 1097 1626 Arar-H:
1121 1591 1167 1627 ἐςι
1169 1603 1184 1621 ν
1211 1589 1278 1633 ὅρος

714 1638 797 1668 Add.
808 1638 914 1669 Barth.
929 1638 967 1668 ad
980 1641 1055 1669 Stat
1065 1641 1096 1668 ΙΙ
1108 1638 1208 1669 T.he1›
1228 1639 1293 1677 239

715 1685 779 1714 Illa
795 1684 937 1726 (Diana)
956 1696 1028 1714 suas
1045 1684 1169 1724 Cyntho
1193 1683 1292 1713 comi-

715 1739 760 1760 tes
778 1739 872 1773 agat,
893 1731 962 1761 haec
978 1731 1118 1772 (Pallas)
1142 1733 1292 1767 Aracyn-

716 1777 779 1808 tho.
798 1779 926 1819 Copiosi
940 1779 975 1807 in
990 1778 1068 1807 locis
1084 1775 1293 1818 congerendis

713 1824 812 1854 Cerda
824 1831 856 1854 et
869 1825 1041 1855 Martinus.

759 1872 812 1901 25.
826 1872 900 1901 Non
912 1873 994 1901 Ven.
1009 1878 1040 1900 et
1056 1869 1198 1900 Parrhas.
1215 1876 1246 1898 et
1258 1870 1293 1898 in

712 1918 875 1947 nonnullis
897 1917 993 1946 deest.
1015 1916 1060 1946 in.
1109 1918 1134 1946 E
1155 1915 1293 1946 Theocr.

713 1966 757 1992 VI
770 1986 777 1999 ‚
799 1961 840 1998 34
863 1974 931 2003 sqq.
949 1965 1072 1993 Verum
1094 1964 1131 1993 in
1147 1973 1185 1992 eo
1204 1972 1293 1992 com-

713 2009 805 2039 mode
820 2009 887 2039 haec
908 2009 947 2038 de
962 2009 1102 2050 Cyclope
1118 2009 1183 2039 dici
1202 2015 1292 2049 pote-

712 2063 798 2093 rant3
815 2066 882 2085 non
897 2066 985 2096 aeque
1000 2066 1086 2086 nunc
1101 2056 1140 2086 de
1156 2062 1294 2096 pastore,

711 2103 768 2142 qui
791 2102 903 2132 melius
930 2102 1035 2139 fonte,
1064 2104 1134 2133 rivo
1149 2125 1158 2140 ‚
1189 2102 1273 2131 amni
1288 2124 1296 2137 ‚

711 2160 770 2189 pro
794 2149 925 2189 speculo
947 2150 1060 2180 utitur.
1095 2151 1138 2179 At
1166 2149 1296 2179 Servius

712 2196 844 2226 omuino
861 2202 952 2238 negat
968 2206 1052 2226 mare
1069 2205 1213 2237 unquam
1230 2204 1297 2224 esse
