1408 2428
635 101 751 132 VITA.
1238 105 1296 143 xxj

89 154 274 201 nutritus,
301 153 485 204 Georgica
502 157 652 208 scripsit
672 159 711 195 111
731 160 915 198 honorem
936 162 1172 209 Maecenatis,
1191 163 1298 213 cujus

91 226 164 264 ope
183 229 251 252 sua
270 227 476 267 receperat.
497 219 678 257 Incubuit
699 231 825 258 autem
844 223 952 272 operi
976 233 1052 260 tam
1072 233 1173 261 terso
1195 233 1232 260 et
1253 224 1300 260 li-

92 284 194 312 mato
225 289 293 325 per
319 286 464 327 septem
484 292 601 317 3111105
614 308 623 326 ,
642 282 804 319 maxime
830 284 991 333 Neapoli
1009 298 1017 320 :
1037 297 1080 320 ac
1098 292 1188 321 tune
1205 293 1301 320 tem-

93 334 197 383 poris
221 336 384 374 traditur
409 340 581 388 quotidie
607 341 806 380 meditatos
833 357 942 380 mane
964 344 1148 394 plurimos
1168 357 1301 380 versus

94 394 237 432 dictare
256 398 406 444 solitus,
430 412 525 449 quos
542 414 610 450 per
628 411 749 439 totum
770 403 871 440 diem
891 405 1134 441 retractando
1154 404 1303 454 redige-

93 454 159 491 bat
178 455 225 492 ad
245 459 510 507 paucissimos3
536 475 654 511 quum
674 463 754 512 11150
776 463 920 500 (1100101
944 477 1080 514 parere
1104 478 1142 501 se
1169 478 1302 501 *versus

93 529 200 554 more
221 518 377 556 ursino:
400 533 487 557 nam
513 533 683 561 recentes
708 525 849 575 ingenii
875 526 933 562 sui
958 535 1089 575 partus
1114 525 1202 562 rudi
1223 538 1303 562 esse

94 587 131 614 et
151 578 372 629 imperfecta
400 582 515 630 facie;
537 583 603 620 sed
631 584 766 622 deinde
791 586 986 635 fingendo,
1010 587 1302 637 tractandoque,

94 637 254 676 reddere
272 654 311 677 se
328 641 372 679 iis
390 642 465 679 oris
481 651 518 679 et
533 645 660 681 vultus
680 645 919 683 lincamenta.

146 698 443 751 Tum'eoncepit
462 704 587 740 animo
608 705 846 754 magnificam
863 707 963 743 illam
983 708 1120 743 molem
1141 706 1303 742 AEnei-

97 761 186 805 dos,
207 760 314 810 cujus
331 763 531 799 consilium
551 765 681 812 paucis
699 764 889 802 delineare
905 779 1032 815 operae
1050 768 1215 816 pretium
1236 777 1302 804 est.

150 821 222 857 Vix
239 823 480 872 requieverat
492 826 662 861 Romana
680 838 739 862 res
755 825 802 862 ab
819 826 881 862 illa
894 827 1099 877 jactatione
1115 827 1303 864 bellorum

99 881 284 928 civilium,
302 882 441 932 quibus
459 897 480 920 a
502 885 616 921 Marii
642 886 830 935 Syllaeque
853 887 1090 937 temporibus
1111 887 1158 924 ad
1174 889 1304 924 Actia—

100 954 181 978 cam
201 956 321 992 usque
348 957 513 994 pugnam
544 958 744 992 concussa,
766 947 876 984 toties
905 947 943 983 in
965 948 1113 984 ruinam
1143 948 1303 984 inclina—

98 1009 216 1038 verat.
238 1002 326 1039 Sine
352 1003 461 1040 rivali
486 1004 641 1054 quidem
660 1009 872 1056 Augustus,
895 1015 931 1043 at
950 1020 1026 1043 non
1044 1008 1123 1044 51110
1140 1008 1303 1054 invidia,

98 1074 227 1099 rerum
249 1064 494 1113 potiebatur:
521 1079 597 1102 non
618 1067 696 1116 jam
722 1068 861 1117 praeliis
885 1068 1106 1117 petebatur,
1132 1068 1199 1105 sed
1215 1069 1305 1105 insi—

99 1122 188 1170 diis;
210 1126 460 1175 erumpebant
485 1141 584 1178 saepe
611 1127 891 1178 conjurationes
912 1129 950 1165 in
968 1138 1082 1179 caput
1102 1129 1305 1179 principis;

95 1183 300 1235 jacensque
317 1186 396 1236 jam
417 1196 454 1223 et
477 1188 664 1225 emoriens
694 1191 865 1226 Romana
893 1189 1065 1235 libertas,
1093 1190 1211 1228 instar
1235 1204 1305 1228 va-

98 1245 208 1282 lentis
227 1247 418 1297 corporis,
439 1249 553 1286 etiam
571 1249 610 1285 in
630 1257 800 1286 extremo
816 1250 953 1300 spiritu
973 1251 1113 1296 minax,
1130 1265 1217 1287 cum
1230 1251 1307 1288 vie—

100 1315 182 1344 tore
196 1308 424 1346 luctabatur.
436 1313 515 1347 Hos
533 1311 746 1348 animorum
763 1319 874 1347 aestus
889 1310 1021 1347 sedare
1032 1311 1214 1360 Virgilius
1230 1311 1305 1347 sibi

98 1369 317 1418 proposuit,
329 1379 571 1419 tenerasque,
587 1379 624 1407 et
640 1384 688 1408 ex
704 1369 920 1407 recentibus
935 1370 1157 1407 vulneribus
1176 1370 1301 1406 adhuc

100 1428 230 1466 molles
242 1433 501 1467 Romanorum
517 1440 660 1467 mentes
678 1430 731 1467 ita
745 1431 819 1467 levi
837 1443 951 1466 manu
972 1437 1153 1475 tractare,
1165 1439 1208 1466 ut
1224 1433 1305 1466 Au-

101 1491 200 1540 gusti
220 1490 421 1540 imperium
443 1504 552 1541 aequo
573 1491 696 1528 animo
715 1491 867 1528 ferrent.

152 1554 286 1601 Neque
304 1551 426 1587 solum
448 1554 708 1588 Romanorum
729 1551 874 1588 animos
897 1559 1121 1587 convertere
1138 1550 1308 1588 decrevit

101 1613 149 1650 ad
166 1624 334 1649 amorem
355 1612 556 1662 principis,
581 1612 647 1649 sed
670 1612 715 1648 iis
735 1612 856 1660 ,0113111
881 1612 960 1661 ejus
984 1620 1115 1662 pectus
1135 1612 1308 1650 imbuere

101 1673 246 1712 studuit
279 1672 505 1718 virtutibus,
537 1685 622 1722 quae
657 1685 744 1709 eum
775 1672 841 1722 qui
869 1673 1050 1722 imperat,
1082 1673 1159 1710 suis
1195 1687 1309 1722 quam

102 1733 404 1784 acceptissimum
422 1733 602 1770 efficiunt.
623 1736 817 1782 Augustus
834 1732 873 1768 in
892 1733 1041 1769 excelso
1061 1745 1102 1768 ac
1121 1733 1310 1782 praecipiti

103 1795 266 1844 positus,
283 1793 371 1830 hinc
393 1801 522 1842 septus
543 1792 657 1839 odiis,
682 1792 783 1829 illinc
802 1792 1106 1838 adulationibus,
1132 1793 1230 1828 inter
1251 1793 1312 1828 in-

105 1855 228 1891 fensos
244 1853 316 1890 sibi
334 1863 371 1890 et
388 1854 574 1904 abjectos,
591 1866 728 1903 anceps
746 1853 875 1890 adibat
892 1853 1125 1902 periculum,
1142 1866 1190 1889 ne
1207 1866 1313 1890 exas-

103 1923 256 1963 peratus
272 1914 320 1951 ab
338 1914 409 1951 illis
430 1914 478 1950 ad
493 1914 697 1960 saevitiam,
719 1913 766 1950 ab
788 1913 846 1950 his
873 1921 1080 1961 corruptus
1108 1911 1155 1949 ad
1177 1926 1311 1962 super-

102 1975 204 2012 biam
226 1975 440 2012 efferretur.
462 1977 552 2011 Haec
573 1984 734 2023 utraque
756 1974 871 2023 pestis
889 1986 936 2009 110
954 1972 1117 2022 principi
1134 1983 1312 2019 noceret,

104 2048 147 2072 03
167 2035 359 2085 praecipue
378 2035 491 2080 vitia,
516 2047 600 2084 quae
622 2046 732 2070 novae
751 2033 962 2082 praesertim
982 2033 1163 2083 potentiae
1184 2033 1315 2070 adhae-

103 2108 250 2133 rescere
271 2095 410 2140 solent,
432 2093 706 2130 circumcidere
729 2094 912 2143 Virgilius
933 2106 1130 2143 aggressus
1154 2102 1228 2140 est,
1252 2107 1314 2130 ar-

103 2156 334 2207 rogantiam,
361 2155 419 2192 sui
447 2157 694 2203 Deorumque
725 2154 977 2200 oblivionem,
1007 2153 1094 2190 odia
1126 2154 1313 2204 partium,

106 2228 231 2253 aerem
251 2215 478 2265 injuriarum
498 2214 733 2251 memoriam.
