1408 2428
559 60 729 90 ECLOGA
754 62 795 90 11.
1236 66 1276 96 23

71 124 223 158 Mecum
241 133 315 156 una
331 119 369 155 in
385 118 487 155 silvis
503 117 702 155 imitabere
720 121 818 155 Pana
834 120 1014 159 canendo.

71 184 147 218 Pan
164 180 308 230 primus
326 179 487 215 calamos
505 191 591 215 cera
608 179 838 229 conjungere
856 182 973 230 pluris

70 240 257 285 Instituit3
275 243 351 276 Pan
368 246 475 275 curat
492 238 573 276 ovis
590 239 796 289 oviumque
813 241 1022 291 magistros.

70 305 150 339 Nec
166 311 202 337 te
220 301 399 350 poeniteat
415 300 559 336 calamo
576 300 725 336 trivisse
743 300 921 338 labellum
939 315 948 337 ε

72 365 162 398 Haec
179 362 310 398 eadem
326 371 368 398 ut
383 361 517 407 sciret,
535 360 627 410 quid
643 374 719 398 non
736 361 898 398 faciebat
915 365 1122 411 Amyntas?
1249 372 1281 397 35

71 425 136 458 Est
152 422 245 457 mihi
261 421 477 471 disparibus
494 431 637 471 septem
656 429 852 472 compacta
868 421 1000 459 cicutis

71 483 231 528 Fistula,
249 485 440 520 Damoetas
458 483 558 520 dono
576 483 670 519 mihi
684 496 798 532 quam
814 482 919 519 dedit
935 483 1043 529 olim,

73 545 119 578 Et
138 541 232 578 dixit
249 542 412 579 moriens
432 556 439 577 z
459 551 495 579 te
511 556 612 578 nunc
628 542 744 579 habet
760 543 830 579 ista
847 542 1064 579 secundum.

72 602 179 639 Dixit
194 605 404 648 Damoetas;
422 603 559 639 invidit
575 604 711 641 stultus
727 606 921 652 Amyntas.

72 666 259 700 Praeterea
277 663 353 699 duo
364 692 373 708 ‚
390 677 459 700 nec
476 672 557 700 tuta
573 664 667 700 mihi
683 664 778 700 valle
795 664 958 714 reperti,
1252 674 1282 699 >io

74 723 268 772 Capreoli,
285 723 424 772 sparsis
443 723 555 760 etiam
573 737 674 759 nunc
691 722 853 772 pellibus
869 721 977 767 albO,

75 784 168 820 Bina
184 783 245 820 die
261 783 402 820 siccant
418 784 499 819 ovis
518 782 656 827 ubera;
674 795 769 831 quos
787 782 857 819 tibi
873 794 996 818 servo.

75 848 158 880 Jam
174 844 322 894 pridem
338 855 359 878 a
375 855 434 878 me
450 842 533 878 illos
552 841 743 878 abducere
760 841 949 890 Thestylis
967 848 1072 886 orat3

77 907 122 941 Et
139 903 266 950 faciet;
283 904 462 952 quoniam
479 903 634 941 sordent
651 903 721 941 tibi
738 916 896 940 munera
912 911 1050 939 nostra.

79 1029 205 1059 hibisco.
216 1047 261 1052 ——
274 1030 290 1058 3
300 1039 326 1058 1.
338 1031 454 1069 ,Meque
467 1041 532 1058 ιιηα
544 1029 652 1070 fragm.

712 1031 752 1066 34
778 1041 824 1070 sq.
852 1040 909 1059 nec
933 1036 1000 1058 tuta
1024 1027 1104 1057 mihi
1126 1028 1217 1056 valle
1236 1038 1284 1056 re-

79 1078 194 1106 Moret.
212 1075 298 1105 deest
311 1087 420 1105 versus
435 1077 470 1106 in
485 1075 655 1105 Zulich.——
704 1076 804 1116 perti,
834 1075 1034 1105 commendat
1054 1074 1176 1104 donum
1194 1085 1210 1103 a
1226 1073 1284 1102 dif-

83 1124 135 1152 32.
153 1122 297 1152 Primum
312 1125 406 1153 Rom.
430 1129 461 1152 et
476 1122 573 1152 Goth.
594 1132 654 1152 see.

80 1186 125 1192 »—
144 1179 224 1198 ceree
249 1169 334 1199 Leid.
352 1187 397 1192 —-
416 1170 468 1199 33.
495 1168 659 1198 Ministros

80 1217 192 1246 Franc.
214 1233 259 1237 —-
280 1216 392 1246 Ovium
419 1215 566 1256 magistri
582 1222 658 1245 sunt

80 1269 237 1302 pastores,
255 1260 401 1293 οἰοπόλοι.
428 1270 463 1292 ut
492 1262 557 1292 Ecl.
588 1263 655 1298 ΙΙΙ,

85 1319 145 1337 101
164 1309 254 1338 Idem
270 1319 363 1339 arnor
375 1309 476 1339 exitio
485 1308 656 1349 pecoripe-

81 1355 223 1395 cor-isque
247 1356 415 1397 magistro,
445 1363 475 1384 et
500 1355 586 1384 alibi.
606 1356 656 1385 Sic

79 1401 186 1442 gregis
196 1402 349 1442 magister
360 1402 480 1432 Tibull.
493 1403 523 1430 11
533 1424 541 1438 ‚
559 1402 589 1436 5,
605 1401 656 1430 35.

76 1447 190 1487 pecori
193 1447 381 1488 pecorisque
393 1447 554 1488 magistris
563 1446 657 1478 Ovid.

82 1495 161 1524 Fast.
180 1495 236 1530 IV,
257 1500 332 1532 747.
349 1501 380 1523 et
395 1496 439 1524 sic
455 1504 546 1534 saepe.

131 1541 184 1575 34.
202 1541 272 1569 Nec
298 1548 328 1569 ce
339 1541 514 1580 poeniteat,
536 1540 659 1580 pigeat,

47 1605 50 1609 -
82 1586 251 1616 molestum
267 1586 413 1616 videatur
433 1593 487 1616 aut
501 1596 615 1626 parum
633 1593 661 1615 te

82 1632 224 1673 dignum.
243 1633 282 1663 cf.
302 1633 421 1664 Tibull.
440 1635 470 1669 1,
493 1639 528 1669 4,
551 1639 662 1670 47.—-—

85 1680 138 1709 35.
156 1679 236 1719 qnid
252 1679 474 1722 nonfaciebat
490 1680 596 1708 omnia
616 1678 659 1707 fc-

83 1727 174 1755 cisset
186 1748 195 1762 ‚
232 1726 313 1755 nihil
344 1728 534 1756 intentatum
564 1725 659 1754 relin-

83 1782 193 1812 quens.
223 1773 305 1802 Nota
333 1772 478 1802 formula.
507 1771 660 1812 Corydon

81 1819 179 1859 igitur
202 1825 297 1848 cantu
322 1818 437 1848 fistulae
458 1818 633 1848 excellebat
651 1828 659 1848 :

84 1866 214 1904 ejusque
223 1866 298 1894 artis
311 1866 444 1895 aemulus
458 1872 522 1895 erat
536 1866 659 1906 Amyn-

84 1918 138 1940 tas.
158 1927 204 1934 —
226 1911 279 1941 36.
311 1911 420 1941 cicutis
449 1922 510 1953 pro
540 1912 658 1941 cannis.

83 1957 149 1987 Ecl.
161 1959 202 1993 V,
216 1958 269 1987 85.
282 1959 434 1998 Expressa
450 1958 580 1998 quidem
592 1958 661 1986 haec

84 2014 100 2033 a
123 2003 248 2041 multis,
277 2005 348 2033 satis
372 2005 532 2045 ingeniose
557 2011 660 2033 tamen

84 2050 123 2080 ab
140 2061 207 2079 uno
227 2051 337 2090 Popio,
350 2052 473 2080 Pastor.
489 2052 537 2087 II,
557 2052 615 2089 39,
635 2050 661 2078 si

84 2096 243 2137 expendas
279 2107 313 2125 ac
354 2107 515 2137 compares
553 2106 662 2125 versus

87 2145 138 2179 43-
160 2149 197 2179 44
207 2167 213 2173 ·

48 2185 56 2194 ⁸
132 2195 184 2224 4ο.
208 2191 233 2220 Ε
247 2189 383 2220 Theocr.
397 2190 462 2226 XI,
479 2195 520 2226 4ο
531 2199 577 2228 sq.
594 2190 659 2225 ΙΙΙ,

710 1122 851 1152 ficultate
868 1133 876 1158 ς
904 1122 1048 1162 periculo
1073 1132 1088 1150 a
1114 1121 1185 1150 feris
1210 1131 1286 1149 con-

712 1176 809 1198 temto
834 1179 959 1208 capreas
980 1169 1034 1197 has
1058 1168 1213 1197 silvestres
1236 1177 1285 1195 ce-

710 1223 808 1256 perat.
839 1215 922 1244 cons.
954 1214 1048 1245 Ovid.
1077 1216 1155 1243 Met.
1186 1214 1266 1242 XIII
1278 1235 1285 1246 ,

712 1263 777 1297 834
809 1272 854 1301 sq.
866 1284 874 1297 ,
907 1272 971 1300 quo
1000 1267 1067 1289 toto
1103 1261 1175 1289 loco
1205 1258 1287 1287 hanc

710 1308 857 1347 Eclogam
867 1314 937 1335 ante
945 1307 1056 1336 oculos
1062 1305 1287 1335 habuit.Ovem

711 1354 851 1394 praebere
874 1353 970 1382 ubera
993 1352 1160 1392 capreoliS‚
1181 1361 1286 1379 exem-

711 1401 766 1440 plo
782 1410 849 1429 non
863 1406 958 1429 caret.
969 1417 1015 1421 ———
1027 1405 1080 1434 41.
1097 1397 1212 1438 sparsis
1220 1397 1288 1436 pel-

713 1447 792 1476 libus
807 1446 896 1481 albo,
918 1453 953 1475 ut
969 1445 1099 1474 maculae
1113 1444 1231 1472 fuerint
1244 1442 1287 1471 al-

713 1492 773 1523 hae.
791 1495 894 1522 Ducta
908 1503 956 1521 res
972 1503 988 1521 e
1004 1491 1139 1521 Theocr.
1156 1491 1214 1525 XI,
1233 1495 1287 1524 41,

714 1540 772 1568 ubi
791 1538 854 1568 vid.
866 1538 1061 1578 disputantes
1071 1539 1177 1576 Intpp.
1191 1535 1287 1564 etiam

706 1596 800 1614 'nunc
810 1596 885 1614 vero
894 1608 901 1621 ‚
917 1586 989 1624 quia
1001 1594 1126 1613 accessu
1140 1582 1290 1622 temporis

715 1639 840 1662 mutant
856 1632 1012 1668 colorem,
1033 1631 1074 1660 ait
1090 1630 1232 1663 Servius,
1251 1638 1289 1657 ex

715 1679 787 1708 albo
804 1679 838 1707 in
854 1677 1008 1719 pallidum
1024 1687 1064 1706 an
1076 1675 1221 1705 lividum.
1239 1674 1291 1703 Ni-

714 1725 755 1761 si,
773 1725 884 1754 durius
901 1724 1046 1764 quidem,
1059 1722 1096 1751 ad
1111 1722 1288 1750 siccantre-

715 1772 794 1801 feras
803 1782 811 1807 3
820 1772 992 1800 etiamnum
1007 1770 1133 1799 lactent.
1141 1785 1187 1788 —
1196 1766 1291 1796 Pierii

714 1819 857 1847 Vatican.
874 1818 1103 1846 vetustissimus
1117 1813 1289 1853 distingue-

714 1864 768 1894 bat
782 1874 789 1895 :
804 1864 921 1904 sparsis
931 1863 1028 1892 eciam
1044 1871 1128 1890 nnnc
1132 1859 1288 1899 pellibus:

714 1911 807 1940 ambo
830 1909 916 1939 Bina
932 1909 983 1938 die
1007 1908 1130 1937 siccant
1152 1913 1209 1935 etc.
1235 1904 1289 1934 sed

714 1957 808 1986 ambo
836 1957 973 1985 otiosum
1001 1961 1074 1995 post
1096 1953 1158 1982 duo
1182 1962 1193 1981 .·
1222 1950 1286 1981 vid.

714 2005 943 2037 Burm.——42.
967 2001 1035 2035 die,
1056 1998 1198 2040 quotidie
1222 1997 1287 2027 Ecl.

715 2050 763 2078 III
778 2071 786 2085 ,
816 2050 868 2084 34.
894 2051 963 2078 AEn.
989 2048 1054 2084 XI,
1083 2048 1158 2086 397.
1170 2062 1216 2067 —
1234 2045 1287 2080 43.

717 2097 830 2135 Optat,
852 2105 911 2135 pro
934 2101 1005 2123 orat
1020 2094 1103 2131 conj.
1125 2090 1288 2122 Schrader„

716 2148 747 2171 et
760 2141 844 2171 idem
857 2141 953 2181 paulo
968 2147 1055 2181 post,
1070 2150 1100 2169 V.
1119 2139 1159 2174 48
1170 2161 1178 2174 ‚
1196 2147 1291 2166 acan-

715 2187 763 2218 chi
777 2199 836 2228 pro
856 2186 976 2217 anethi.
988 2205 1034 2210 --
1046 2191 1099 2222 44.
1114 2183 1287 2226 chacietf
