1408 2428
564 67 734 98 ECLOGA
758 69 782 98 I.
1236 74 1275 103 ΞΒ

70 129 116 163 Et
134 125 250 162 fontis
266 136 393 161 saeros
409 123 527 172 frigus
543 123 714 172 captabis
730 137 910 174 opacum3

68 186 186 231 Hinc,
204 184 273 222 tibi
294 197 378 234 quae
398 196 548 232 semper
563 182 689 219 vicino
707 183 754 221 ab
772 185 888 223 limite
905 199 1021 237 saepes

68 245 236 296 Hyblaeis
253 245 388 296 apibus
405 244 538 281 florem
560 244 715 294 depasta
735 246 871 293 salicti,
1242 257 1277 284 55

68 309 178 356 Saepe
193 306 268 343 levi
285 318 458 343 somnum
474 304 649 342 suadebit
666 305 761 342 inire
778 320 945 345 susurro.

68 368 168 404 Hinc
184 367 258 403 alta
274 365 345 403 sub
361 378 458 415 rupe
474 375 582 402 canet
600 365 797 403 frondator
813 367 861 403 ad
877 380 1004 415 auras;

66 430 147 464 Nec
164 436 289 464 tamen
305 427 450 463 interea
467 439 610 472 raucae,
628 435 692 462 tua
708 439 816 471 cura,
833 428 1046 477 palumbes,

66 491 147 525 Nec
164 501 314 537 gemere
330 487 432 524 aeria
448 486 609 524 cessabit
625 496 752 524 turtur
768 487 815 525 ab
832 488 946 525 ulmo.

66 616 143 645 rivis
159 615 249 645 istius
259 615 322 646 loci
337 615 438 656 accipi
455 615 559 647 video.
569 615 650 648 Sub-

67 663 252 703 junguntur
261 662 449 703 sanefontes
461 672 468 699 ;
481 663 597 692 durum
609 670 651 692 ta-

67 718 143 738 men
166 709 260 738 altera
280 720 319 738 ex
337 715 442 749 parte,
468 709 503 738 in
523 710 650 750 regione

69 755 154 784 intra
165 755 285 785 Padum
303 762 333 784 et
348 756 507 784 Mincium
523 756 648 797 sitaflu-

64 801 155 830 mina
173 802 199 830 si
216 808 445 836 memorentur,
453 800 492 829 de
507 801 582 829 rivis
592 810 647 839 po-

67 847 141 884 tius,
157 858 252 888 quam
270 847 309 876 de
326 847 388 876 illis
404 847 533 886 proprie
543 846 646 875 flumi-

64 894 161 923 nibus
180 893 273 922 dictis
287 904 353 922 esse
373 892 588 933 cogitandum.
600 910 646 915 —

66 940 118 970 53.
129 939 242 981 Frzgrus
254 949 388 980 opacum
405 945 451 968 est
467 938 567 980 frigus
581 939 646 968 loci

63 987 170 1027 opaci,
192 988 332 1016 nemoris
356 985 489 1015 nmhrae.
512 986 578 1016 Ecl.
601 987 643 1023 ΙΙ,

67 1033 97 1063 8.
115 1033 219 1069 —54.
247 1032 342 1063 Haud
361 1032 457 1062 dubie
470 1043 579 1062 versus
596 1039 643 1062 to-

66 1086 181 1120 tusque
190 1080 281 1110 locus
292 1080 524 1110 contaminatus
533 1089 540 1109 ε
549 1090 644 1119 quem

63 1136 95 1155 se
111 1137 177 1156 non
195 1126 370 1168 intelligere
385 1127 449 1164 jam
464 1125 644 1156 Markland.

63 1172 102 1201 ad
129 1174 204 1203 Stat.
230 1174 243 1202 I
269 1173 345 1204 Silv.
365 1173 382 1202 3
395 1195 404 1210 ‚
426 1173 467 1208 43
487 1171 646 1213 professus

64 1226 127 1255 est3
153 1227 336 1260 suspectum
361 1220 455 1249 etiam
470 1219 644 1249 Burmann.

65 1267 179 1295 merito
189 1265 312 1296 hahuit.
323 1265 437 1307 [Facile
447 1272 553 1295 tamen
561 1276 646 1295 sana-

65 1313 157 1350 veris,
174 1313 217 1350 εἰ,
226 1313 333 1352 judice
344 1313 495 1349 Potterio‚
506 1311 645 1352 phrasim

65 1359 110 1387 sic
123 1360 324 1389 constitueris
336 1369 343 1390 :
355 1358 429 1388 Ιιίηο
443 1369 553 1398 saepes,
574 1369 646 1398 qme

64 1415 184 1445 <emper
192 1413 238 1434 esc
239 1406 361 1449 florem
378 1405 514 1445 depasta
526 1404 566 1432 ab
581 1406 644 1442 Hy-

63 1451 151 1480 blaeis
161 1451 283 1491 apibus,
301 1452 370 1488 tihi,
381 1451 414 1480 id
429 1457 475 1480 est
487 1473 495 1487 ,
506 1452 541 1480 in
550 1457 644 1479 tuum

64 1498 209 1534 lucrum,
233 1508 317 1538 ,ηερε
339 1497 502 1533 suadebit,
522 1503 580 1526 etc.
601 1498 644 1525 vi-

62 1544 158 1574 deant
188 1546 362 1585 argutiores
385 1554 392 1574 :
417 1543 455 1572 ad
479 1544 643 1583 Heym‘um

60 1590 224 1620 redeamus
234 1591 255 1631 ].
276 1592 415 1628 Locum,
443 1589 568 1629 inquit,
595 1590 644 1618 uti

60 1648 148 1667 nunc
175 1648 207 1666 se
226 1637 340 1675 habet,
360 1637 402 1666 ita
426 1635 592 1676 expedire,
607 1643 644 1665 ut

62 1684 145 1713 nihil
182 1685 318 1724 supersit
353 1682 442 1723 quod
476 1682 615 1712 offendat
631 1705 639 1719 ‚

62 1740 290 1771 quamcunque
302 1730 458 1760 rationem
470 1730 566 1766 ineas,
574 1739 640 1758 non

64 1777 142 1807 adeo
164 1777 255 1806 facile
273 1783 329 1807 est.
349 1778 437 1806 Inter
458 1783 574 1806 ceteras
591 1782 639 1805 to-

63 1823 226 1853 lerabilior
252 1824 333 1853 ratio
356 1822 425 1853 haec
452 1829 517 1860 est,
544 1832 639 1862 quam

64 1872 266 1899 Burmannus
283 1880 413 1910 quoque
428 1870 516 1906 iniit,
536 1868 641 1899 verbis

62 1918 96 1946 in
110 1915 200 1945 hunc
214 1916 347 1946 modum
361 1915 545 1957 jungendis:
557 1916 590 1944 H
591 1915 643 1946 inc

62 1973 163 2002 saepes
187 1972 207 1990 a
224 1961 326 1991 limite
344 1962 467 1999 vicino,
481 1962 513 1992 h.
533 1972 643 2002 agrum

59 2010 203 2038 vicinum
226 2017 242 2036 a
264 2015 322 2037 tuo
341 2004 641 2044 disterminans‚'li-

63 2056 198 2084 mitanea
218 2054 230 2095 (
247 2055 308 2084 nisi
329 2055 417 2084 malis
438 2055 524 2084 Hinc
552 2065 573 2083 a
603 2054 642 2084 li-

67 2101 143 2130 mite
168 2100 299 2137 vicino,
320 2100 352 2130 h.
378 2111 405 2131 e.
428 2100 470 2130 ab
491 2112 526 2130 ea
542 2106 642 2141 parte,

48 2178 55 2187 ⁸
66 2157 130 2187 qua
140 2148 268 2177 vicinus
285 2147 374 2177 limes
390 2155 446 2184 est,
464 2154 501 2176 ut
517 2146 645 2178 Ouden-

67 2193 159 2234 dorp.
175 2193 215 2224 ad
235 2196 322 2225 Suet.
338 2195 424 2236 Aug.
441 2204 480 2234 9¹
501 2192 642 2234 monet),

223 2261 252 2295 Ι.

706 627 778 657 qucz’
800 626 924 656 semper
945 615 1080 655 depasta
1098 622 1143 646 est
1155 617 1277 660 floreta

704 661 813 692 salicti
838 662 960 703 apibus,
988 663 1079 700 cujus
1107 664 1232 701 salices,
1260 675 1277 694 e

704 708 822 749 quibus
831 710 897 749 ipsa
906 716 1023 738 structa
1034 716 1079 738 est
1090 709 1102 750 (
1112 709 1150 739 cf.
1162 711 1278 752 Georg.

703 756 745 791 11,
765 756 841 790 434.
859 755 935 790 435.
955 755 1020 790 436
1035 753 1067 794 ),
1083 766 1205 796 semper
1223 757 1277 786 de-

699 807 876 840 pascuntur
897 800 936 830 ab
959 800 1070 840 apibus
1090 801 1188 841 (quas
1211 804 1276 842 epi-

700 845 788 875 theto
799 846 837 875 ad
855 854 1002 876 ornatum
1019 846 1100 876 facto
1114 848 1276 886 Hyblceas,

701 903 716 922 a
732 900 840 922 monte
857 894 970 923 Siciliae
979 892 1148 933 appellat),
1163 895 1277 924 suade-

699 939 745 968 bic
762 950 847 979 ,ηερε
875 940 932 968 cibi
954 950 1076 968 susurro
1095 940 1157 969 levi
1181 951 1276 981 apum

700 985 712 1027 (
730 983 824 1016 καλὸν
864 983 991 1028 βομὲεῖν
1025 986 1159 1016 Theocr.
1196 987 1279 1018 dixit

699 1033 730 1069 Ι,
759 1043 818 1071 ¹07
849 1040 880 1062 et
904 1035 944 1070 V,
976 1031 1053 1072 46.)
1083 1033 1163 1062 inire
1193 1044 1276 1063 som-

699 1089 789 1109 num.
823 1080 942 1110 Ultima
968 1080 1121 1120 expressit
1151 1080 1276 1110 Auson.

701 1127 759 1166 Ep.
780 1127 834 1162 25,
856 1136 894 1154 12
912 1125 1054 1165 Hyblaeis
1081 1125 1192 1166 apibus
1216 1137 1274 1155 soe-

696 1183 756 1212 pes
771 1173 906 1212 depasta
923 1179 1071 1202 susurrat.

750 1219 768 1248 5
774 1230 803 1257 7.
825 1219 1015 1254 Frondator,
1039 1219 1094 1259 qm·
1112 1220 1192 1248 vites
1210 1229 1275 1249 am-

699 1272 791 1305 putat
806 1272 837 1294 et
850 1267 965 1294 vitium
979 1265 1051 1295 folia
1067 1266 1209 1305 stringit,
1226 1265 1277 1295 de·

701 1313 811 1352 cer-pit.
828 1311 892 1341 vid.
908 1312 1024 1352 Georg.
1042 1312 1089 1347 11,
1109 1311 1174 1340 365
1189 1322 1275 1352 seqq.

702 1364 778 1393 400.
798 1364 874 1395 407.
897 1364 974 1393 410.
990 1357 1056 1386 Ecl.
1071 1357 1119 1393 ΙΙ,
1139 1367 1192 1394 70.
1210 1359 1274 1395 IX,

700 1404 752 1433 60.
776 1404 822 1433 ad
843 1414 954 1439 auras,
976 1404 1025 1432 uti
1048 1402 1086 1432 de
1112 1403 1272 1439 clamore,

698 1460 772 1479 eum
799 1450 889 1480 exire
914 1449 947 1479 in
978 1460 1091 1484 auras,
1128 1449 1201 1478 tolli
1230 1450 1277 1478 ad

697 1495 819 1526 aetlzera
841 1503 900 1526 etc.
926 1496 1009 1526 cons.
1031 1497 1199 1533 Burman.;
1223 1495 1274 1525 ah‘i

697 1543 890 1582 spirantibus
902 1542 988 1572 auris
1002 1549 1033 1570 et
1044 1549 1154 1571 aestum
1169 1542 1274 1571 levan-

697 1589 777 1619 tibus
782 1601 795 1626 ‚·
811 1589 960 1619 subtilius
979 1589 1071 1618 etiam
1089 1588 1151 1618 alii.
1171 1589 1274 1619 Aliter

697 1635 780 1665 dicta
803 1636 900 1665 turris
923 1643 1007 1665 stare
1028 1635 1075 1664 ad
1093 1646 1189 1664 auras
1213 1635 1272 1665 alte

696 1685 768 1714 AEn.
788 1683 850 1719 VI,
871 1683 947 1718 534.
965 1682 1019 1711 sub
1033 1693 1109 1722 rupe
1127 1683 1161 1710 in
1176 1692 1272 1721 rupe¹

697 1730 811 1770 accipit
826 1730 935 1759 Burm.
953 1730 1035 1759 Mox
1046 1740 1075 1758 v.
1095 1729 1136 1766 59
1144 1738 1274 1768 gemere

693 1782 857 1805 turturum
885 1786 920 1805 ac
946 1774 1166 1805 columbarum
1199 1783 1274 1814 pro-

693 1823 800 1862 prium
816 1833 847 1852 v.
870 1821 981 1852 Cerda.
1001 1828 1032 1850 et
1053 1820 1142 1850 aeria
1165 1820 1205 1848 ab
1226 1819 1275 1849 ul-

696 1880 747 1898 mo
757 1892 766 1905 ,
784 1875 940 1908 perpetuo
954 1867 1104 1897 arborum
1117 1865 1270 1906 epitheto,

695 1922 733 1944 ut
748 1915 841 1944 multi
857 1914 1011 1949 docuere,
1028 1919 1059 1941 et
1072 1914 1275 1942 Burmannus

699 1960 738 1990 ad
753 1960 887 1990 Anthol.
904 1960 956 1989 lat.
971 1970 1040 2000 pag.
1060 1969 1133 1988 100.
1144 1958 1274 1989 —Alte

699 2017 784 2037 unus
800 2008 933 2036 Heinsii.
956 2005 1014 2035 Ad
1024 2015 1117 2034 aures
1131 2004 1273 2035 Parrhas.

696 2052 784 2094 quod
799 2053 912 2083 refellit
925 2053 1097 2082 Burmann.
1113 2058 1144 2082 et
1161 2052 1284 2090 merito

698 2099 837 2142 quidem.

747 2147 800 2177 58.
836 2145 939 2177 Rauci
969 2144 1053 2187 apud
1080 2146 1161 2176 Pier.
1191 2154 1273 2174 nou-

696 2193 787 2224 nulli.

1084 2268 1107 2293 2
