1408 2428
602 72 719 101 LIBER
746 73 770 100 Ι.

1220 67 1276 103 ιὸζ·

93 129 308 177 Pervigilat‚
330 128 505 177 ferroque
526 129 622 166 faces
642 130 800 178 inspicat
820 138 941 165 acuto.

92 192 256 234 Interea,
275 189 427 238 longum
447 198 558 226 cantu
578 190 695 226 solata
715 189 902 233 laborem,

89 253 233 298 Arguto
249 250 386 299 conjux
406 250 592 299 percurrit
610 250 759 300 pectine
780 250 888 295 telas;

88 313 164 345 Aut
184 308 300 345 dulcis
320 309 432 345 musti
451 310 617 345 Volcano
638 309 815 358 decoquit
835 310 1052 351 humorem,
1230 316 1277 346 ψ’»

89 371 133 405 Et
151 369 247 405 foliis
263 369 402 405 undam
422 370 560 419 trepidi
581 370 778 420 despumat
796 368 917 405 aheni.

88 432 137 464 At
151 428 361 465 rubicunda
377 431 488 465 Ceres
509 430 633 468 medio
654 430 862 467 succiditur
878 436 967 464 aestu
981 455 990 471 ‚

88 573 187 601 Nocte
200 572 397 612 Longobard.
413 574 529 604 Medic.
544 582 574 604 et
590 574 655 604 duo

87 617 179 648 codd.
197 618 279 658 apud
296 622 382 650 Serv.

135 675 211 703 292.
224 665 408 705 Eclog.V11‚
421 677 463 706 29
475 678 572 696 novas
582 666 657 696 inci-

87 710 271 750 derefizceS.
288 712 327 742 cf.
349 713 428 743 Plin.
449 715 574 750 XVIII,
595 714 656 750 633

89 756 212 786 Colum.
230 759 293 795 XI,
324 769 399 798 290.
420 758 584 799 Iuspicare
601 770 657 789 no-

89 813 174 831 vasse
201 803 327 834 videtur
353 812 445 844 poeta
457 827 465 841 ,
496 812 531 834 ut
556 807 597 834 sit
623 807 657 834 in

88 850 182 888 spicae
204 849 333 879 formam
345 873 354 887 ‚
379 850 518 890 adeoque
534 852 568 880 in
585 861 656 879 acu-

91 900 152 923 tam
168 896 345 935 cuspidem,
371 897 546 927 concidere.
565 897 656 925 Sola-

90 948 123 969 ta
139 940 277 970 laborem
291 952 298 972 :
311 942 374 972 vid.
397 942 436 971 ad
452 945 521 972 AEu.
536 945 559 978 1,
578 944 654 980 239.

89 1003 135 1008 —-
150 993 226 1027 294.
241 987 359 1017 Illulier
378 999 437 1028 pro
461 988 581 1029 conjux
605 988 652 1018 ed.

88 1033 218 1064 Mediol.
237 1034 393 1074 percussit
419 1035 515 1064 Goth.
532 1053 577 1057 ——-
594 1036 655 1064 Ar-

84 1087 161 1120 guto
192 1087 223 1109 et
252 1082 359 1110 cantui
387 1081 526 1110 mulieris
556 1081 654 1110 tribui

88 1132 209 1165 potest,
237 1133 269 1156 et
290 1126 429 1166 pectini,
453 1134 489 1156 ut
511 1128 568 1162 sit,
600 1128 655 1166 qui

87 1172 254 1201 stridorem
277 1173 359 1203 iuter
383 1173 555 1203 texendum
579 1173 653 1203 edit.

88 1219 158 1248 Hoc
177 1218 304 1258 quidem
323 1220 433 1249 melius
457 1219 543 1257 fieri,
564 1219 657 1249 docet

88 1265 167 1293 ratio
184 1266 322 1305 poetica,
341 1277 381 1296 ne
395 1266 527 1296 alterum
541 1277 657 1295 nomeu

89 1310 211 1340 nudum
233 1319 264 1341 et
284 1313 351 1342 sine
375 1312 514 1353 epitheto
537 1313 594 1348 sit,
627 1319 657 1341 et

89 1362 254 1396 poetarum
268 1368 342 1387 usus
357 1368 365 1388 :
395 1365 430 1388 ut
444 1369 573 1398 quoque
588 1368 656 1400 κερ-

89 1399 134 1436 κὶς
151 1404 264 1441 passim
284 1404 318 1432 in
337 1406 438 1444 poetis
461 1403 655 1446 μελπομένη,

91 1444 194 1483 ἀοιδός
212 1457 345 1489 :pecten
362 1461 507 1481 canorus.
524 1450 658 1492 (Exem-

89 1495 141 1535 pla
167 1495 255 1524 dabit
279 1507 309 1526 v.
331 1506 358 1526 c,
385 1496 524 1526 Brunck.
549 1496 588 1526 ad
615 1498 658 1527 A-

90 1541 221 1582 ristoph.
248 1544 325 1573 Rau.
357 1542 476 1583 1316.)
508 1543 586 1572 Tela
613 1550 660 1573 est

91 1594 187 1618 trama
198 1610 206 1624 ,
230 1589 321 1626 cujus
337 1587 398 1618 filis
416 1590 566 1618 inseritur
584 1589 658 1618 sub-

90 1640 213 1671 temen,
229 1645 289 1675 ope
308 1634 461 1675 pectinis,
480 1646 535 1664 seu
560 1635 655 1672 radii3

90 1688 145 1710 aut
168 1680 286 1721 spathae
310 1680 452 1722 (Graeeis
470 1678 572 1724 κερκὶς
587 1689 632 1711 est
649 1691 656 1712 :

90 1726 128 1756 de
143 1737 205 1767 qua
220 1738 250 1757 v.
266 1727 417 1768 Apollod.
432 1730 463 1757 ΙΙ
475 1751 483 1766 ,
497 1729 527 1765 8,
550 1730 658 1765 13An-

91 1774 192 1804 tonin.
216 1773 272 1804 lib.
295 1774 355 1810 253
374 1774 521 1814 sophoel.
547 1776 654 1816 Autig.

92 1819 156 1858 988
171 1817 183 1859 )
203 1822 292 1858 cujus
307 1820 439 1850 formam
455 1831 472 1850 a
487 1827 593 1850 nostra
606 1831 658 1850 na-

90 1864 196 1894 vicula
210 1867 343 1896 textoria
358 1865 529 1905 diversam,
545 1874 576 1897 et
588 1878 659 1908 pec-

92 1911 150 1941 tini
159 1933 169 1947 ,
189 1921 255 1951 quo
271 1912 340 1952 lyra
353 1912 495 1953 pulsatur
506 1936 514 1950 ‚
534 1915 659 1954 propio-

91 1967 158 1986 rem
178 1957 272 1987 fuisse
287 1968 412 1988 necesse
426 1966 482 1989 est.
502 1961 588 1989 Patet
603 1969 657 1988 au-

92 2010 156 2033 tem
171 2014 211 2033 ex
225 2002 287 2033 hoc
299 2014 392 2033 versu
403 2026 411 2041 ‚
431 2006 466 2035 iu
481 2005 569 2035 Italia
582 2016 659 2045 quo-

92 2059 154 2090 que
187 2049 434 2080 matresfamilias
467 2052 660 2081 rusticorum

92 2096 226 2128 telarum
240 2102 375 2126 texturae
388 2107 519 2128 vacasse.
529 2098 659 2137 —295.

93 2143 218 2171 Humor
228 2141 349 2183 legebat
361 2144 495 2185 Scaliger
505 2167 513 2182 ‚
533 2152 569 2174 ut
584 2150 662 2174 esset

93 2188 240 2229 decoquit
256 2199 299 2222 se.
316 2207 361 2214 --
377 2189 492 2231 Georg.
511 2192 557 2221 IV
568 2213 576 2229 ‚
595 2190 659 2221 268

710 574 778 613 igni
792 572 926 613 pinguia
953 571 1051 600 multo
1073 569 1214 610 defruta.r
1233 572 1284 599 Se-

710 620 783 649 dula
798 621 831 648 in
846 618 937 648 variis
952 629 967 647 e
984 624 1088 646 musto
1105 615 1219 645 defruti
1234 627 1282 657 ge—

711 666 839 695 neribus
850 663 1056 695 conficiendis
1069 670 1211 693 veterum
1223 663 1283 691 fuit

712 723 807 752 opera
824 721 831 741 :
857 711 920 741 vid.
950 711 1028 740 Pliu.
1053 710 1167 740 XXIII
1180 731 1188 745 ‚
1220 709 1256 737 18
1273 720 1280 745 ;

713 760 791 788 XIV
803 781 811 795 ,
832 768 843 786 1
856 768 866 786 1
884 768 892 794 ;
911 755 1085 787 Columella
1099 757 1163 785 XII
1175 777 1182 789 ,
1211 766 1278 795 cap.

715 815 754 843 19
769 821 814 826 —
834 814 887 833 21.
921 802 1022 832 Dulce
1048 808 1183 830 mustum
1216 802 1281 830 Iau-

710 850 761 879 dat
785 849 939 890 Quinctil.
960 850 1036 878 Inst.
1057 849 1156 884 VIII,
1184 858 1219 883 2,
1243 859 1280 876 10

708 898 791 929 iuter
806 896 941 936 epitheta
952 918 961 930 ‚
981 905 1052 935 quae
1066 894 1098 923 id
1111 916 1118 930 ‚
1134 893 1221 934 quod
1237 896 1282 923 rei

709 943 875 983 proprium
903 942 941 970 sit
955 963 964 977 ‚
995 941 1184 980 exprimant.
1215 942 1281 969 Hu—

710 987 879 1017 mormusli
891 987 1014 1027 poetica
1030 986 1280 1026 periphrasis.—

710 1036 786 1074 296.
820 1033 986 1073 Trepidam
1004 1042 1011 1062 :
1040 1034 1168 1072 proprie
1199 1044 1282 1062 inus-

710 1088 777 1110 tuin
801 1087 847 1109 est
870 1079 1048 1120 trepidum,
1073 1080 1166 1118 quia,
1194 1080 1280 1119 quod

708 1127 839 1162 ebullit,
865 1127 953 1166 quasi
978 1132 1109 1155 tremere
1131 1124 1257 1155 videtur
1276 1136 1282 1155 :

711 1176 780 1203 AEu.
798 1175 861 1202 VII
873 1195 881 1209 ‚
900 1173 963 1208 463
981 1171 1109 1201 undans
1123 1172 1258 1201 alienum
1275 1195 1282 1208 ,

709 1219 785 1248 hinc
803 1219 923 1248 undam
940 1218 1023 1247 idem
1045 1224 1183 1247 mustum
1201 1217 1283 1247 dixit

711 1265 866 1296 ebulliens
893 1271 924 1294 et
954 1264 1127 1294 exundans.
1158 1264 1282 1294 Fronde

711 1318 815 1341 autem
835 1334 842 1348 ‚
879 1311 959 1340 forte
985 1311 1149 1351 pampinea
1165 1332 1173 1346 ‚
1208 1321 1282 1350 spu-

711 1368 793 1387 mam
818 1357 983 1393 auferunt,
1018 1356 1093 1385 dum
1120 1355 1280 1385 defrutum

713 1404 842 1434 faciunt.
868 1421 913 1426 --
944 1402 1039 1443 Vulg.
1076 1409 1146 1432 ante
1172 1404 1282 1432 Heins.

712 1450 810 1491 tepidi
811 1473 879 1480 ......
900 1449 1007 1479 aheni.
1027 1448 1171 1489 -—-f0liis
1187 1448 1281 1488 trepi-

712 1497 759 1526 dis
792 1496 908 1526 Medic.
938 1513 983 1518 -—
1027 1494 1153 1535 trepidis
1193 1495 1282 1524 aenis

712 1545 845 1573 Roman.

760 1600 836 1628 297.
863 1587 1063 1617 Succinditur
1087 1588 1184 1618 Goth.
1214 1590 1280 1618 Ser.

711 1637 901 1665 ——Messem
924 1635 965 1663 ait
986 1645 1050 1664 esse
1064 1634 1230 1664 secandam
1253 1642 1283 1663 et

712 1681 871 1711 terendam
889 1679 992 1710 medio
1012 1689 1100 1710 cestu.
1121 1681 1213 1710 Ceres
1231 1692 1282 1709 1'u-

711 1728 865 1764 bz'czmda,
893 1738 964 1767 quae
983 1726 1181 1769 aliasjlava,
1209 1728 1282 1766 quia

712 1774 847 1812 rubent,
872 1773 1064 1810 flavescunt,
1088 1774 1199 1804 aristae.
1223 1774 1282 1803 Co-

711 1821 836 1851 lumella
851 1821 899 1857 11,
920 1830 958 1848 21
974 1842 982 1857 ‚
1005 1830 1022 1849 2
1041 1819 1210 1860 (equaliter
1226 1819 1280 1848 fla-

711 1867 859 1897 ventibus
876 1866 947 1907 jam
968 1867 1039 1895 satis
1052 1888 1060 1903 ‚
1088 1873 1164 1896 ante
1182 1876 1281 1907 quam

712 1924 754 1942 ex
773 1920 837 1942 toto
849 1922 959 1953 grana
978 1911 1193 1949 indurescant,
1208 1923 1282 1942 cum

712 1958 927 1989 rubicundum
943 1958 1081 1989 colorem
1097 1965 1280 1997 traxerunt,

713 2005 819 2034 messis
827 2003 988 2046 facienda
1007 2011 1061 2038 est,
1088 2006 1132 2035 At
1154 2004 1193 2035 de
1217 2016 1281 2035 me·

714 2051 766 2081 dio
791 2058 869 2081 cestu
891 2050 1032 2080 dubitari
1054 2058 1180 2092 potest:
1199 2053 1280 2082 sitne

714 2096 815 2127 media
830 2103 952 2134 aestate,
977 2107 1017 2127 an
1031 2098 1136 2128 medlo
1154 2097 1204 2128 die
1229 2109 1282 2128 aes-

714 2145 791 2175 tivo.
822 2145 1001 2183 Utrumque
1033 2151 1117 2176 recte
1140 2155 1175 2174 ac
1208 2155 1281 2174 vere

714 2190 881 2221 diceretur.
910 2189 1020 2233 Prius,
1051 2190 1155 2222 medio
1182 2198 1260 2221 aestu
