1408 2428
610 49 727 78 LIBER
754 49 778 77 Ι.
1213 53 1277 80 1:35

142 106 306 142 Multum
323 106 435 152 adeo,
456 104 584 141 rastris
599 105 726 154 glebas
743 105 807 154 qui
824 105 961 156 frangit
977 107 1124 153 inertis,

91 165 354 214 Vimineasque
373 165 486 202 trahit
501 173 638 211 crates,
651 165 758 214 juvat
773 178 880 212 arva3
897 179 1020 215 neque
1034 168 1138 204 illum
1245 178 1276 208 9²2

90 225 203 261 Flava
224 226 336 262 Ceres
354 225 427 261 alto
444 225 699 274 nequidquam
715 235 857 275 spectat
878 226 1060 276 Olymp03

90 285 137 319 Et
153 284 236 333 qui,
258 283 442 333 proscisso
459 297 542 333 quae
558 284 711 321 suscitat
727 297 878 333 aequore
894 294 1016 334 terga,

91 346 233 381 Rursus
250 344 288 380 in
306 343 501 392 obliquum
520 357 630 381 verso
653 345 863 394 perrumpit
880 354 1025 390 aratro,

92 404 323 452 Exercetque
343 403 518 452 frequens
540 404 728 451 tellurem,
745 413 856 453 atque
874 404 1033 453 imperat
1049 406 1158 441 arvis.

93 554 169 590 hoc,
205 556 436 595 comparatione
464 561 638 583 ceterorum
650 577 657 591 ,

92 611 162 639 quae
177 601 258 630 nihjl
281 600 435 630 recondjn'
457 600 589 637 habent,
611 601 658 629 ω’-

93 647 152 675 mis
166 646 257 676 docte
273 646 389 676 factum
402 645 537 676 videtur.

140 700 182 732 94
199 710 244 715 —
258 703 311 732 99.
345 692 502 723 Omnibus
530 693 660 722 omnino

94 738 195 767 modis
212 745 325 767 terram
341 738 559 779 frangendam,
576 748 661 767 com-

94 784 314 820 minuendam,
329 791 360 813 et
375 795 389 813 a
403 784 466 813 sole
482 794 661 822 excoquen-

95 829 165 859 dam
180 841 260 866 esse,
276 840 384 858 omnes
398 836 527 858 monent
542 829 579 857 de
593 830 660 858 RR.

96 882 249 905 auctores.
274 875 337 903 vid.
363 873 511 913 Xenoph.
538 875 658 904 OEcon.

96 932 122 951 0.
140 923 233 957 XVI,
255 930 291 949 11
304 938 350 943 -—-
364 926 413 954 14.
438 919 554 948 Glebas
577 919 660 949 iner-

96 975 141 996 tes
159 967 234 996 dicit
252 973 360 1006 poeta,
381 976 467 1005 quae,
488 966 549 995 nisi
575 976 659 995 com-

96 1014 295 1049 minuantur,
326 1012 371 1041 nil
399 1018 558 1052 generant.
587 1013 662 1053 Agit

96 1066 200 1088 autem
228 1069 293 1098 sqq.
317 1069 411 1088 verss.
437 1057 475 1087 de
497 1058 661 1087 οεοαῐίοιη2

95 1112 125 1134 et
133 1104 362 1144 pulveratione.
379 1103 417 1134 cf.
435 1104 514 1134 Phn.
532 1106 640 1134 XVIII
652 1127 660 1139 ,

98 1158 157 1189 49,
174 1151 190 1179 3
205 1149 298 1191 (2o);
314 1152 407 1180 etiam
425 1152 459 1180 in
475 1151 580 1187 vinea,
600 1152 660 1181 Co·

95 1197 174 1226 lum.
186 1198 249 1233 XI,
266 1207 282 1226 2
293 1219 301 1233 ,
322 1197 375 1227 60.
387 1199 488 1227 Varro
504 1198 518 1225 I
528 1219 536 1233 ‚
549 1207 601 1236 29.
615 1214 661 1219 ·—

95 1243 149 1281 95.
165 1242 275 1272 Trahit
287 1250 399 1272 crates.
415 1244 538 1274 Colum.
551 1245 598 1278 ΙΙ,
622 1244 659 1272 ῐ8

98 1295 117 1323 4
135 1290 212 1318 Tum
232 1289 343 1331 glebas
373 1289 505 1320 sarculis
531 1290 661 1318 resolve-

95 1345 178 1370 mus,
200 1343 233 1365 ec
256 1335 386 1364 inducta
410 1343 496 1366 crate
516 1346 660 1375 cocequa-

94 1380 209 1416 bimus,
242 1388 301 1411 etc.
331 1383 381 1411 Ex
406 1381 530 1411 vimine
558 1387 662 1410 autem

95 1427 183 1455 factae
201 1428 272 1456 satis
290 1427 402 1457 validae
417 1433 492 1457 sunt
515 1433 612 1455 crates
628 1428 662 1456 in

95 1472 163 1502 solo
180 1483 250 1502 raro
275 1483 309 1501 ac
325 1473 546 1512 pulverulento
564 1482 571 1501 ε
588 1472 662 1503 alio-

96 1519 151 1558 qui
166 1525 242 1547 sunt
256 1517 404 1548 dentibus
419 1519 536 1549 ferreis.
548 1537 592 1542 —-
608 1519 661 1558 96.

97 1566 222 1603 Spectet
235 1563 374 1595 Parrhas.
392 1572 422 1594 et
436 1576 482 1605 sq.
498 1576 528 1595 v.
539 1565 664 1594 suscitet

95 1611 211 1639 Moret.
231 1620 278 1649 pr.
297 1610 354 1650 qui
372 1611 503 1640 suscitat
518 1611 602 1641 Gud.
619 1629 663 1632 —

95 1657 143 1685 Ex
159 1655 350 1686 Callimacho
365 1658 546 1686 suavissima
562 1658 664 1697 imago

95 1711 240 1741 expressa
256 1712 264 1731 ε
280 1701 340 1736 Οὓς
356 1697 390 1732 δὲ
407 1713 458 1732 κεν
477 1699 616 1745 εὐμειὸτζς
631 1713 664 1732 τε

96 1744 149 1776 καὶ
168 1745 251 1782 ἵλαος
271 1746 467 1792 abydos-nau,
492 1747 607 1784 Κείνοις
634 1751 664 1779 εὖ

97 1792 150 1835 μέν
172 1792 290 1836 ἄρουρα
309 1794 392 1839 φέρει
411 1793 526 1836 στάχυν
545 1803 604 1825 etc.
621 1797 662 1826 H.

98 1841 133 1867 in
147 1840 240 1872 Dian.
261 1852 341 1881 1293
352 1843 484 1885 etflava
505 1843 597 1872 Ceres
609 1865 617 1879 ,
628 1849 664 1871 ut

99 1883 193 1921 ξαντή
213 1885 355 1930 Δημήτηρ
373 1889 435 1926 jam
458 1890 494 1918 in
512 1890 662 1918 Homero.

98 1932 211 1972 Neque
228 1950 274 1955 —
295 1933 524 1974 nequicquam,
541 1934 573 1963 h.
593 1944 663 1963 non

97 1978 164 2007 sine
191 1978 298 2008 fructu
309 2001 317 2015 ‚
347 1986 384 2008 ut
408 1982 478 2009 AEn.
504 1981 567 2014 VI,
600 1989 612 2007 1
623 1990 659 2017 17

99 2034 156 2053 nec
175 2031 205 2054 te
221 2024 431 2065 nequicquam
453 2025 530 2054 lucis
543 2026 665 2054 Hecate

91 2069 243 2111 proefi’cit
254 2070 388 2100 Auernis
401 2081 412 2099 :
435 2078 570 2111 spectat,
589 2081 663 2110 pro-

97 2116 174 2155 pitia
193 2124 254 2154 est,
284 2118 426 2157 respicit,
455 2123 492 2146 ut
520 2117 662 2153 Gratius,

99 2163 153 2201 qni
171 2161 257 2192 hunc
269 2163 377 2192 locum
396 2170 467 2193 ante
483 2163 592 2193 oculos
608 2162 662 2192 ha-

712 555 792 586 bm't.
811 556 930 597 Cyneg.
949 555 1013 591 426
1025 565 1082 583 nec
1095 562 1279 583 nontamen

713 601 1002 641 illum—Respicit
1015 600 1161 641 etfacilis
1179 603 1280 629 Poean

713 648 834 689 adjuvit
845 648 878 677 in
892 656 984 678 arces.
998 657 1105 685 —97.
1122 646 1281 677 Etiamille

715 695 852 724 multum
882 695 971 732 juvat
1007 703 1079 722 arva
1091 715 1100 726 ‚
1132 693 1201 732 qui,
1221 699 1279 722 etc.

716 740 799 769 conf.
831 746 986 780 praecepta
1009 749 1057 777 ap,
1083 738 1207 768 Colum.
1233 740 1280 772 ΙΙ,

717 797 752 822 2,
778 787 837 822 25;
854 785 933 815 Plin.
954 785 1083 820 XVIII,
1105 790 1163 822 49,
1185 784 1241 819 18,
1259 794 1281 813 s.

716 838 774 870 49,
800 841 816 859 2
828 853 835 866 ,
861 836 891 859 et
915 830 1071 868 disputata
1099 840 1115 857 a
1142 829 1283 858 Dickson

714 884 737 906 t.
763 877 794 912 Ι,
818 887 850 916 p.
875 877 939 911 434
963 892 1009 897 -
1035 881 1097 914 49ῐ
1116 885 1162 915 sq.
1187 882 1208 904 t.
1234 876 1281 909 ΙΙ,

714 933 745 962 p.
782 923 822 958 54
847 933 893 962 sq.
919 920 1150 961 Frequentibus
1179 928 1282 950 autem

713 968 762 997 his
776 969 871 998 sulcis
885 967 1051 1008 perficitur
1060 966 1186 996 tandem
1200 966 1261 996 hoc
1273 990 1281 1000 ,

714 1014 802 1055 quod
841 1014 968 1044 demum
1003 1020 1086 1043 recte
1123 1013 1282 1042 subactum

715 1071 780 1090 esse
795 1062 898 1096 aiunt,
921 1069 955 1090 ut
975 1071 1039 1089 non
1065 1059 1281 1100 intelligatur,

715 1114 783 1136 utro
798 1117 913 1136 vomer
925 1106 1010 1141 ierit,
1031 1105 1095 1135 vid.
1108 1105 1188 1135 Plin.
1204 1105 1282 1135 ibid.

717 1159 758 1192 49
770 1175 779 1190 ,
803 1164 820 1182 2
839 1159 919 1182 extr.
938 1152 1021 1182 conf.
1040 1151 1164 1182 Colum.
1180 1152 1227 1188 11,
1246 1158 1282 1186 4,

719 1209 746 1228 1.
762 1201 863 1240 Terga
876 1199 1013 1228 resoluta
1023 1208 1096 1238 agro
1113 1196 1226 1226 tribuit
1240 1197 1282 1226 id.

715 1247 765 1282 X,
785 1256 813 1283 7.
845 1245 932 1274 Idem
956 1245 1097 1274 imitatus
1127 1249 1172 1272 est
1197 1243 1284 1272 hunc

713 1291 821 1320 locum
830 1291 914 1320 libro
930 1293 957 1320 X
971 1300 1048 1327 ‚vss.
1063 1299 1103 1328 91
1122 1306 1166 1310 —
1183 1290 1285 1328 93.—

716 1338 770 1376 98.
795 1336 975 1376 Prorumpit
1000 1335 1092 1364 multi
1116 1335 1225 1374 scripti
1255 1342 1285 1364 et

715 1384 826 1412 excusi
845 1382 929 1422 apud
950 1382 1029 1411 Pier.
1055 1387 1087 1410 et
1107 1381 1216 1410 Heins.
1241 1382 1284 1410 sic

717 1435 747 1458 et
779 1428 874 1458 Aldd.
907 1439 955 1468 pr.
986 1434 1017 1456 et
1050 1436 1111 1456 sec.
1143 1426 1287 1466 pen-apic

715 1477 807 1504 Voss.
819 1481 1007 1514 perrumpat
1020 1471 1286 1502 Cantab.——-Ara-

718 1528 767 1549 tor
780 1521 877 1550 Goth.
892 1531 940 1560 pr.
954 1537 998 1542 —-
1013 1529 1067 1558 99.
1084 1517 1193 1547 Armis
1206 1518 1286 1547 Bod-

716 1567 767 1595 lei.
778 1563 1070 1605 —Exercetquef
1082 1570 1208 1600 tractat‚
1220 1575 1287 1593 ver-

716 1619 772 1642 sat.
795 1612 919 1642 Colum.
934 1612 999 1647 IV,
1021 1616 1061 1645 14
1075 1632 1084 1646 ,
1105 1620 1122 1639 2
1139 1631 1147 1646 ,
1167 1609 1206 1639 de
1224 1609 1284 1639 fos—

718 1659 804 1687 sione
832 1659 932 1687 vineae
956 1667 963 1687 :
990 1666 1066 1685 nam
1091 1655 1198 1695 utique
1215 1656 1285 1696 fre-

718 1711 852 1744 quenter
871 1703 971 1732 solum
995 1702 1207 1732 exercendum
1231 1709 1285 1731 est.

719 1749 779 1779 Ins.
798 1751 845 1786 ΙΙ,
863 1750 926 1779 356
943 1756 1000 1778 aut
1014 1758 1121 1787 presso
1140 1757 1287 1776 exercere

717 1796 819 1825 solum
835 1795 889 1824 sub
910 1805 1050 1824 vomere.
1067 1796 1141 1824 Post
1161 1793 1228 1822 haec
1250 1793 1286 1822 il-

715 1841 773 1871 lud
784 1865 792 1879 ,
809 1849 904 1881 atque
922 1841 1057 1880 imperat
1068 1838 1150 1867 arvis
1159 1861 1167 1875 ‚
1180 1849 1287 1877 quam-

717 1898 811 1927 quam
833 1888 987 1928 eleganter
1020 1885 1156 1921 djctum,
1178 1884 1286 1924 paullo

716 1935 848 1963 otiosius
882 1933 1021 1972 positum
1047 1929 1147 1959 videri
1172 1936 1285 1970 potest.

717 1978 777 2008 Sed
790 1979 886 2007 habet
898 1976 931 2007 τὸ
947 1977 1102 2017 imperare
1119 1977 1184 2005 vim
1200 1986 1286 2005 coer-

718 2025 842 2054 citionis
851 2047 859 2062 ,
870 2023 1045 2053 acerbitatis
1054 2029 1085 2052 et
1092 2022 1267 2062 iniquitatis
1279 2032 1285 2051 :

719 2072 803 2111 cogit
821 2071 909 2110 quasi
921 2069 973 2099 ille
993 2079 1100 2109 agrum
1111 2091 1120 2106 ,
1137 2074 1173 2097 ut
1190 2069 1229 2097 sit
1241 2068 1284 2096 fe—

718 2115 852 2146 cundus.
875 2117 926 2146 Sic
954 2115 1089 2155 imperat
1103 2113 1221 2144 vitibus
1236 2123 1284 2153 ap.

718 2163 841 2192 Colum.
859 2163 906 2191 III
916 2185 925 2199 ‚
944 2162 960 2191 3
974 2185 982 2199 ,
994 2163 1013 2192 6
1025 2184 1033 2195 ,
1050 2163 1120 2192 Seu.
1135 2160 1173 2189 de
1186 2161 1285 2190 Tran-
