1408 2428
547 80 668 110 LIBER
692 82 735 110 11.
1178 89 1244 118 2-9

40 146 86 179 Et
97 143 204 192 juvat
220 140 424 176 undantem
439 137 544 174 buxo
559 147 730 187 spectare
746 139 929 187 Cytorum
940 166 949 182 ‚

39 201 288 250 Naryciaeque
307 199 401 249 picis
417 198 541 245 lucos3
555 198 664 248 juvat
683 211 774 235 arva
789 197 922 235 videre

41 264 128 299 Non
144 260 294 305 rastris,
311 259 508 295 hominum
526 270 604 294 non
619 259 687 295 ulli
703 258 870 295 obnoxia
890 270 1004 295 curae.

41 324 137 370 Ipsae
155 320 335 357 Caucasio
353 319 496 356 steriles
514 320 554 355 in
571 319 714 356 vertice
730 319 833 356 silvae
844 347 854 365 ‚
1195 330 1207 354 ⁴¹
1219 330 1242 355 ιω

44 384 147 428 Quas
165 380 323 417 animosi
339 380 431 416 Euri
449 379 606 417 adsidue
626 380 878 430 franguntque
896 378 1099 427 feruntque
1111 405 1120 422 ‚

43 443 144 477 Dant
162 440 253 476 alios
273 439 353 475 aliae
374 440 490 487 fctus;
507 441 596 477 dant
618 441 709 477 utile
727 440 872 490 lignum
887 467 898 485 ,

42 499 211 549 Navigiis
229 500 357 549 pinos,
375 500 550 538 domibus
570 500 803 550 cedrumque
820 511 1120 549 cupressosque(

40 633 133 661 toties
148 631 301 667 vidimus,
319 632 415 661 modo
433 634 496 668 423
510 656 518 669 ‚
533 639 608 662 sunt

42 678 187 707 arboreta
196 700 204 714 ‚
215 680 315 707 vineae
325 701 333 714 ‚
348 679 472 708 oliveta.
484 679 609 708 Pabula

41 723 162 763 apibus,
175 725 291 753 variata
304 726 446 754 oratione
462 732 493 754 et
503 726 610 766 exqui-

43 771 163 807 sitiore,
179 770 269 799 melli
285 770 377 801 dixit.

92 817 168 854 437.
186 819 287 846 Locus
310 823 450 847 ornatus.
471 818 613 848 Primum

44 863 212 892 formulam
242 861 335 892 docte
371 865 505 892 variavit
539 874 615 904 poe-

44 916 77 938 ta
105 919 164 949 pro
205 909 329 948 vulgari
353 918 360 938 :
384 920 482 949 porro
521 910 616 938 etiam

46 955 154 984 buxus
176 961 262 995 grata
285 955 381 984 arhor
403 962 449 984 est
466 962 498 984 et
512 956 613 995 picea.

48 1001 180 1040 Cytorus
207 1001 427 1041 Paphlagoniae
459 1011 550 1031 mons
580 1003 615 1030 in

47 1053 149 1077 tractu
171 1048 329 1077 maritimo
341 1070 349 1084 ‚
366 1047 454 1077 buxo
485 1047 614 1077 nobilis.

49 1103 80 1124 v.
97 1093 138 1123 ad
154 1093 268 1124 Catull.
285 1100 303 1129 4
314 1116 322 1130 ,
345 1095 383 1122 13
405 1094 518 1132 Cytore
530 1093 618 1123 buxi-

40 1138 108 1180 fer.
123 1139 297 1178 Adjacebat
311 1139 388 1169 urbs
403 1140 543 1177 ejusdem
558 1150 617 1169 no-

51 1186 145 1214 minis
162 1185 252 1227 (loca
276 1191 418 1215 veterum
436 1193 510 1215 suut
534 1185 619 1225 apud

52 1230 187 1261 Cerdam
207 1238 239 1261 et
262 1230 470 1271 Martinam).
491 1231 621 1260 Undan»

51 1283 116 1306 tem
125 1277 221 1313 buxo,
232 1276 440 1306 fluctuantem
450 1288 458 1313 ;
475 1287 538 1316 qua
545 1278 620 1305 ima-

53 1323 125 1362 gine
141 1330 290 1363 segetum,
298 1323 461 1358 fruticum,
470 1329 501 1352 et
516 1322 622 1351 arbus-

52 1374 160 1397 torum
173 1368 244 1398 laeta
264 1369 356 1397 facies
373 1369 623 1407 frequentissime

54 1423 73 1442 a
87 1414 190 1454 poetis
205 1413 385 1444 exhibetur.
407 1416 509 1444 Docte
524 1424 622 1454 porro

55 1459 234 1489 undantem
261 1459 346 1488 buxo
370 1460 536 1499 Cytorum,
564 1471 623 1500 pro

56 1505 181 1534 buxum
216 1505 390 1535 undantem
423 1507 457 1536 in
490 1507 622 1547 Cytoro.

57 1551 149 1580 Btcxi
160 1559 264 1581 autem
290 1558 407 1592 quanta
429 1553 463 1581 in
479 1553 546 1582 aljis
562 1559 623 1581 ter-

57 1598 100 1626 ris
115 1597 301 1638 magnitudo
316 1599 374 1634 sit,
390 1598 441 1628 vel
455 1609 495 1628 ex
510 1609 547 1628 eo
564 1598 624 1627 dis-

59 1653 109 1672 cas
120 1666 129 1679 ‚
140 1644 229 1683 quod
244 1645 336 1674 Bion.
347 1644 442 1685 ldyll.
460 1646 492 1674 II
500 1668 508 1682 ‚
526 1646 542 1675 3
553 1655 625 1685 par-

60 1699 135 1718 vum
162 1691 314 1720 Amorem
343 1701 400 1730 per
427 1691 493 1729 ejus
524 1701 627 1720 ramos

58 1734 123 1764 huc
152 1735 229 1765 illuc
263 1737 454 1766 insilientem
481 1737 565 1767 facit.
580 1740 629 1760 '—-

63 1782 140 1816 433.
158 1781 304 1812 filariciae
327 1784 450 1813 Daniel.
469 1784 519 1814 ed.
539 1791 570 1813 et
588 1785 626 1814 R.

60 1827 168 1868 Steph.
185 1830 305 1859 —Pix
329 1840 346 1859 e
369 1830 511 1870 plurium
540 1830 630 1859 arbo-

61 1884 133 1902 rum
148 1875 250 1903 resina
266 1874 320 1911 fit,
336 1876 472 1905 maxime
495 1886 536 1905 ex
550 1877 631 1916 pinu

64 1929 100 1948 ac
122 1921 221 1960 picea.
247 1921 328 1951 Ph'u.
354 1923 447 1958 XIV,
463 1932 517 1959 20,
534 1933 558 1952 s.
575 1923 629 1952 25.

62 1965 182 2003 Narix,
201 1966 252 1996 vel
268 1968 429 2006 Narycum
441 1990 450 2003 ‚
479 1975 509 1997 et
524 1969 632 2007 lVary-

63 2011 146 2041 cium
164 2035 174 2048 ‚
199 2014 373 2042 Locrorum
402 2015 633 2054 Epicnemidio-

45 2054 136 2088 ’rum
152 2059 244 2095 urbs,
258 2060 364 2097 Ajacis
379 2062 489 2100 patria.
505 2062 525 2090 J
527 2071 577 2091 am
592 2061 633 2090 ab

63 2104 113 2134 his
128 2107 235 2135 Locris
250 2105 375 2136 colonia
395 2107 430 2136 in
446 2107 633 2137 Italiamde-

65 2150 161 2181 ducta
176 2154 293 2182 Locros
315 2153 470 2183 condidit.
498 2154 537 2183 cf.
560 2156 630 2184 AEn.

63 2198 133 2236 111,
160 2199 235 2239 399.
262 2198 315 2229 Ad
345 2206 448 2229 utram
471 2201 631 2241 regionem

657 632 718 673 pix
736 631 879 671 ,Yaqrcia
891 654 900 668 ‚
918 632 1008 669 cujus
1024 639 1055 660 et
1072 631 1236 661 Columel-

661 680 691 709 la
712 679 833 715 §1386
850 684 880 708 et
896 678 1015 708 Plinius
1030 679 1121 713 XIV,
1142 687 1196 715 20,
1211 689 1235 707 s.

667 726 706 755 25
734 726 969 762 meminerunt,
994 723 1159 753 referenda
1184 725 1239 759 sit,

666 771 806 801 dubitari
820 778 942 812 posset,
959 771 1019 799 nisi
1024 769 1107 809 picis
1115 769 1240 799 bmcciae

666 819 739 847 satis
748 818 894 857 frequens
905 818 987 846 iuter
996 817 1142 856 antiquos
1150 826 1239 845 men-

668 865 713 893 tio
730 862 828 893 fieret.
853 863 919 893 vid.
937 864 1046 892 Heius.
1082 862 1121 891 ad
1143 863 1238 893 Ovid.

669 909 799 941 Remed.
812 910 888 945 264.
908 908 1075 939 Petebatur
1089 919 1125 937 ea
1141 909 1241 948 inpri-

668 957 727 984 mis
745 966 762 985 e
778 962 885 985 monte
899 962 929 984 et
945 955 1023 983 silva
1038 954 1116 990 Sila,
1129 954 1168 983 de
1179 964 1241 994 qua

670 1002 710 1032 cf.
720 1004 789 1031 AEn.
801 1003 896 1039 XII‚7
911 1013 919 1029 i
929 1001 990 1030 5.v.
1003 1000 1115 1030 Strabo
1124 1001 1197 1035 VII,
1210 1010 1242 1040 p.

673 1053 737 1083 400
753 1049 786 1077 B.
807 1048 904 1077 Silvas
915 1069 921 1077 ,
940 1057 1012 1085 quae
1025 1046 1115 1075 nullo
1129 1045 1242 1075 hnma-

671 1104 715 1122 no
735 1093 986 1134 cuituindigent.
998 1094 1073 1122 Non
1088 1092 1243 1128 obnoxia,

672 1139 753 1168 nihil
779 1139 881 1169 labori
899 1144 1009 1168 nostro
1034 1137 1191 1173 debentia,
1210 1145 1246 1165 ut

673 1186 818 1222 Servius;
835 1196 903 1214 uon
917 1184 1039 1224 egentia
1066 1193 1141 1212 cura
1169 1193 1243 1212 nos-

673 1237 730 1260 tra.
742 1248 788 1254 ---
815 1233 890 1269 43¹.)-
903 1232 976 1260 Non
996 1228 1078 1258 nulli
1092 1228 1242 1259 Rottend.

674 1287 735 1306 sec.
763 1283 794 1305 et
821 1286 906 1305 uuus
933 1274 1038 1305 Mead.
1062 1281 1094 1304 at
1117 1274 1244 1314 vulgata

675 1321 761 1363 apud
775 1322 858 1352 Gell.

725 1375 786 1404 441
795 1391 801 1397 .
813 1369 992 1407 Teruntque
1005 1366 1141 1396 malebat
1147 1367 1239 1395 Voss.

675 1414 926 1449 —441—453.
943 1416 1025 1444 Sunt
1049 1412 1157 1441 multae
1175 1412 1243 1440 aliae

676 1460 822 1496 arbores,
839 1460 925 1490 unde
948 1459 1100 1488 utilitates
1126 1458 1243 1497 accipi-

675 1517 757 1536 mus.
768 1507 942 1536 Caucasum
957 1511 1034 1545 puta
1049 1504 1173 1544 poetice
1186 1513 1247 1543 pro

676 1562 872 1592 quocunque
890 1558 998 1581 monte
1022 1562 1058 1579 ac
1082 1549 1160 1579 silva
1188 1558 1245 1578 no-

677 1599 802 1628 minari.
822 1598 950 1627 Steriles
972 1594 1247 1635 silva—danes&-

679 1651 744 1680 tus,·
762 1653 962 1685 oxy-moron:
981 1643 1037 1672 sed
1051 1644 1158 1683 priore
1174 1641 1247 1670 loco

679 1691 802 1721 steriles
825 1697 901 1720 sunt
926 1690 993 1719 sine
1019 1688 1127 1718 fructu
1141 1686 1247 1723 eduJi;

671 1736 763 1778 setim
782 1747 858 1766 vero
877 1743 953 1766 sunt
975 1745 1067 1771 usus3
1082 1740 1119 1763 ut
1145 1734 1250 1762 statim

682 1783 759 1812 utile
785 1783 909 1824 lignum
937 1781 1114 1819 subjicitur.
1134 1779 1252 1809 Simili-

683 1836 730 1859 ter
760 1828 935 1859 viminibus
962 1827 1075 1857 salices
1095 1825 1252 1866 facundie

683 1875 742 1916 (ut
759 1875 841 1905 bene
863 1875 1012 1905 observat
1031 1873 1202 1910 Mejerotto
1218 1872 1252 1900 in

684 1921 799 1951 Dubiis
826 1933 858 1962 p.
879 1920 930 1961 7)
955 1921 1183 1959 Franguntque
1195 1916 1253 1958 fe-

685 1975 821 2008 rmchue
835 1968 869 1996 in
885 1966 990 1997 animo
1006 1964 1121 1994 habuit
1131 1987 1139 2000 ‚
1157 1974 1254 2004 agere

686 2013 834 2055 acserre,
856 2013 889 2043 h.
904 2023 1030 2042 vexare.
1048 2029 1094 2034 -——
1106 2011 1182 2047 443.
1198 2010 1255 2039 Ce-

686 2060 839 2100 drumque
860 2060 970 2089 Heius.
995 2069 1012 2088 e
1035 2058 1115 2094 suis3
1134 2063 1172 2086 ut
1188 2057 1256 2086 Pie-

685 2108 752 2136 rius
779 2108 814 2136 in
839 2109 933 2137 Rom.
964 2112 996 2135 et
1023 2102 1258 2143 antiquioribus

685 2154 769 2190 aliis;
785 2164 845 2194 pro
868 2153 991 2194 vulgari
1012 2150 1193 2190 cedrosque.
1212 2166 1258 2171 -

684 2201 705 2230 J
707 2200 832 2240 uniperi
849 2206 935 2229 certo
951 2198 1069 2239 generi,
1081 2195 1257 2237 oxycedro,
