1408 2428
605 101 724 130 LIBER
750 101 773 129 I.

1234 104 1296 131 1(ὶῖ

107 160 316 196 Deficerent
335 158 456 203 silvae,
473 165 510 194 et
526 158 668 194 victum
684 157 845 194 Dodona
862 169 1024 208 negaret.

106 221 198 254 Mox
220 227 256 254 ct
276 217 469 254 frumentis
486 217 594 254 labor
614 217 762 254 additus
780 233 787 254 :
810 226 851 253 ut
868 219 964 255 mala
984 219 1126 255 culmos
1247 229 1290 250 150

105 279 209 314 Esset
228 277 380 327 robigo,
404 277 600 327 segnisque
616 278 788 320 horreret
806 278 844 314 in
865 278 964 315 arvis

104 337 275 374 earduus
292 351 301 373 ε
321 337 511 373 intereunt
528 345 689 387 segetcs;
706 337 807 374 subit
824 350 955 387 aspera
974 336 1084 383 silva,

104 397 317 446 Lappaeque
334 396 558 446 tribulique3
574 398 747 446 interque
765 397 922 434 nitentia
939 397 1040 433 culta

105 457 237 493 Infelix
256 456 385 493 lolium
401 467 438 494 et
454 457 598 494 steriles
614 457 856 495 dominantur
873 469 1010 494 avenae.

104 603 225 640 copiam
248 601 495 641 suppeditarent.
520 618 566 622 —
591 607 663 640 149.

105 647 281 688 Defiteranc
307 647 455 676 nonnulli
485 647 568 687 apud
600 649 666 677 Pie-

103 695 196 723 rium.
214 711 259 715 -
271 694 438 733 Negarem
458 695 550 723 Rom.
571 700 601 722 et
620 704 666 733 sq.

104 750 132 769 v.
148 750 190 768 ex
196 738 372 781 frumentis
386 739 468 776 conj.
487 740 595 769 Burin.

152 786 226 815 150.
263 785 357 816 Redit
395 785 434 814 ad
468 786 666 825 propositum

103 842 132 860 v.
155 841 228 861 121.
244 833 325 861 Mox
349 832 441 860 etiam
459 841 568 867 noxae,
587 831 668 859 mala

102 883 134 905 et
157 877 269 907 damna
285 876 403 917 (labor,
425 882 462 906 ut
490 874 580 910 πόνος
608 887 666 916 pro

102 924 205 966 πῆμα,
222 919 347 964 maie-n)
368 924 509 952 invasere
528 922 668 952 frumen-

102 976 146 1007 ta,
164 970 196 1000 h.
217 969 352 1006 factum,
373 976 409 998 ut
427 975 543 1009 segetes
570 971 664 998 variis

102 1016 188 1045 malis
211 1026 246 1045 ac
264 1015 383 1045 morbis
406 1015 601 1052 laborarent,
614 1017 663 1045 in-

101 1064 179 1091 xasit
193 1072 242 1091 eas
257 1061 364 1103 robigo
387 1062 475 1091 mala
487 1084 494 1096 ‚
515 1063 661 1098 exitiosa,

100 1119 171 1147 quae
186 1108 307 1138 culmos
319 1108 440 1145 exedit3
453 1108 597 1143 carduus,
608 1109 664 1148 qui

100 1160 131 1183 et
148 1154 208 1183 late
220 1165 343 1195 serpere
356 1161 387 1184 et
405 1165 512 1184 semen
527 1164 664 1195 quaqua-

100 1210 207 1230 versus
217 1200 417 1231 disseminare
432 1201 529 1237 solet3
546 1212 586 1230 ex
598 1212 664 1230 uno

98 1247 183 1275 enim
203 1247 328 1276 seminis
344 1258 442 1288 grano
460 1248 572 1288 viginti
588 1258 664 1287 qua-

98 1298 172 1321 tuor
185 1293 291 1330 millia,
302 1295 416 1334 primo,
429 1293 666 1333 adeoquequin-

98 1339 185 1378 quies
208 1340 320 1369 millies
343 1339 505 1369 ducenties
527 1340 665 1379 sexagies

98 1391 228 1414 centena
260 1386 356 1415 millia
386 1386 397 1426 (
415 1383 664 1425 526‚ooo‚000)

97 1440 267 1471 granorum
274 1432 471 1461 seminabam
478 1432 574 1460 altero
583 1441 665 1460 anno

98 1477 237 1516 produci
253 1488 344 1517 posse
370 1479 477 1507 aiunt:
493 1477 557 1506 vid.
578 1479 664 1506 Mar-

97 1523 153 1552 tin.
171 1523 301 1564 Segnis,
318 1524 375 1563 qui
389 1522 487 1553 efficit
501 1533 593 1565 segne
607 1534 663 1552 seu

96 1568 247 1607 retardat,
263 1569 301 1598 ad
319 1570 543 1610 quodcumque
559 1569 661 1599 adhae-

96 1616 207 1652 rescit;
228 1623 332 1646 tenax.
352 1617 485 1656 Quoties
504 1622 608 1645 tamen
622 1615 662 1645 ad

95 1661 127 1692 h.
167 1661 189 1691 l.
222 1661 317 1692 redeo
331 1685 340 1699 ‚
367 1663 661 1703 interpretationem

95 1708 195 1737 sentio
204 1709 352 1739 subtilem
365 1710 461 1750 magis
474 1719 539 1739 esse
547 1732 555 1746 ,
566 1720 661 1749 quam

96 1764 209 1784 veram.
218 1756 277 1785 Vir
289 1755 413 1793 doctus,
428 1756 609 1793 Mejerotto‚
623 1766 660 1785 eo

96 1801 284 1839 revocabat,
312 1801 400 1842 quod
428 1802 564 1832 carduus
595 1813 660 1832 ara-

96 1852 181 1875 trum
203 1858 260 1877 seu.
282 1855 416 1877 rastrum
431 1848 577 1878 retardat.
600 1848 662 1879 Sed

96 1899 221 1932 praestat
247 1903 371 1924 manere
395 1895 430 1924 in
454 1895 590 1934 simplici
613 1906 661 1924 ra-

96 1939 182 1967 tione
201 1949 218 1967 a
235 1941 343 1969 Servio
359 1941 423 1978 jam
441 1940 572 1976 tradita3
592 1951 660 1981 seg-

97 1984 145 2013 nis
163 1985 307 2022 carduus,
322 1986 660 2023 inutilisfiufecundus.

97 2032 177 2062 Nam
195 2031 312 2071 segnis,
326 2042 343 2060 a
357 2039 447 2061 motu
460 2032 605 2069 ductum,
621 2032 662 2061 ad

97 2084 202 2106 motus
230 2077 361 2107 effectus
388 2078 576 2108 traducitur.
611 2079 662 2109 Sic

96 2133 208 2164 segnes
222 2131 312 2154 terrae
323 2125 380 2161 Ge.
395 2125 437 2161 ΙΙ,
450 2125 582 2164 37,quae
596 2135 662 2154 non

96 2176 265 2199 moventur
278 2192 287 2208 ‚
319 2171 469 2200 coluntur
483 2193 492 2207 ‚
521 2170 662 2210 adeoque

96 2225 155 2246 nec
172 2217 277 2256 fruges
293 2216 408 2248 ferunt.
428 2219 503 2258 Sup.
530 2228 568 2255 72
593 2228 662 2257 seg·

722 602 771 631 nis
788 611 927 641 campus.
944 602 1039 631 Nunc
1058 602 1090 631 in
1107 603 1205 631 denso
1227 615 1289 632 non

720 647 849 688 segnior
871 648 963 676 ubere
989 647 1132 677 Bacchus
1157 649 1214 679 Ge.
1248 651 1291 686 II,

723 694 799 731 275,
815 700 983 733 proventu.
1000 695 1054 723 Est
1078 695 1157 724 adeo
1179 706 1288 736 segne,

721 739 808 779 quod
837 739 883 768 nil
907 740 1015 779 gignit.
1031 741 1198 776 Horreret,
1216 752 1290 774 cum

720 787 762 821 vi,
779 796 838 825 pro
853 792 1007 814 cresceret
1023 795 1029 815 :
1047 793 1204 825 quatenus
1218 786 1288 816 lzor-

720 841 787 860 rere
803 832 902 870 poetis
918 830 1070 860 dicuntur
1085 834 1202 868 omnia,
1218 844 1290 872 quae

721 884 822 907 erecta
836 883 928 913 stant,
940 884 994 906 aut
1004 879 1153 914 eminent,
1170 885 1205 907 ut
1215 879 1271 919 pili
1280 902 1288 916 ,

720 924 754 952 iu
772 925 941 953 metuentis
963 934 1116 964 corpore,
1138 926 1244 964 itaque
1259 932 1289 955 et

718 970 844 1010 spinosa
861 970 1007 1010 virgulta.
1019 988 1064 993 -—
1078 981 1089 999 1
1099 972 1151 1001 51.
1167 971 1289 1012 Robigo

718 1016 882 1046 meliores:
899 1016 974 1045 hinc
1010 1017 1183 1057 Robigalia
1212 1018 1289 1047 festa

718 1063 803 1117 v:guid
830 1063 925 1093 Ovid.
954 1064 1034 1093 Fast.
1063 1065 1128 1100 IV,
1154 1064 1220 1102 905
1244 1082 1289 1086 ——

718 1115 795 1148 942.
814 1126 859 1130 —
880 1110 953 1138 152.
980 1109 1098 1138 Silvam
1114 1117 1207 1140 vocat
1222 1110 1287 1150 lap-

717 1166 782 1195 pas,
797 1155 873 1184 lolia
888 1163 960 1191 etc.,
975 1163 1011 1184 ut
1026 1166 1118 1186 versu
1138 1156 1179 1194 76
1200 1156 1286 1196 legu-

717 1203 840 1230 minum
858 1201 970 1230 silvam
988 1210 1168 1238 sonantem,
1186 1213 1221 1231 ea
1237 1213 1286 1231 su-

718 1247 761 1276 bic
772 1270 779 1281 ,
799 1247 940 1276 succedit
968 1248 1002 1277 in
1028 1249 1139 1288 segetis
1167 1248 1284 1277 locum.

719 1311 764 1315 —
772 1304 781 1321 1
791 1294 808 1322 5
816 1294 843 1322 3.
854 1293 998 1322 Virencia
1011 1294 1096 1322 culta
1105 1294 1245 1323 Parrhas.
1257 1302 1288 1323 et

718 1340 768 1369 ed.
784 1339 915 1368 Mediol.
933 1339 1044 1368 melius
1061 1339 1197 1368 nitentia
1208 1351 1220 1375 ;
1238 1340 1287 1369 ni-

719 1393 785 1414 tent
807 1386 908 1420 enim,
930 1395 1002 1424 quae
1029 1385 1132 1422 culta3
1160 1385 1289 1415 horrent

718 1442 793 1461 vero
824 1438 855 1460 et
881 1432 1048 1471 squalent,
1071 1442 1141 1471 quae
1167 1432 1286 1461 inculta

718 1484 801 1507 suut.
817 1495 864 1499 ——
877 1479 996 1518 Lappce
1016 1479 1132 1507 nostris
1154 1478 1184 1506 le
1197 1478 1287 1518 glon—

719 1531 818 1559 teron,
840 1524 870 1552 le
882 1532 1045 1564 grateron.
1064 1524 1183 1554 Plinius
1201 1522 1284 1553 ἀποι-

716 1568 794 1612 ρίνην
806 1572 848 1599 ita
859 1570 1008 1600 reddidit.
1023 1570 1088 1600 vid.
1104 1571 1232 1600 Martia.
1246 1571 1285 1599 ad

714 1616 746 1646 h.
763 1617 784 1646 l.
802 1616 935 1653 Tribuli,
947 1618 1045 1657 spinae
1055 1627 1165 1657 genus,
1180 1618 1214 1646 in
1224 1618 1284 1646 Ita-

714 1663 754 1692 lia
766 1663 970 1703 frequens.—-
983 1674 993 1692 1
1003 1664 1021 1692 5
1027 1669 1055 1698 4.
1069 1662 1204 1699 Lolium,
1216 1674 1286 1693 nos-

715 1711 769 1739 tris
780 1709 902 1739 l'iwraie
912 1720 923 1738 .·
934 1710 1046 1739 lolium
1056 1710 1263 1753 temulentqm
1275 1721 1283 1745 ς

714 1751 910 1798 Linn.,otipz.
922 1756 988 1785 vid.
1005 1757 1150 1796 Geopon.
1164 1757 1206 1793 Π,
1223 1756 1263 1791 43
1277 1766 1284 1790 ;

715 1803 830 1832 Galen.
849 1803 888 1832 de
907 1803 990 1832 alim.
1011 1803 1068 1832 fac.
1089 1804 1104 1831 I
1119 1802 1177 1832 ult.
1202 1801 1282 1831 Plin.

714 1850 835 1885 XVIII,
851 1855 903 1885 44,
921 1859 944 1879 s,
965 1860 1015 1886 17.
1033 1847 1156 1889 Infelix
1168 1870 1176 1884 ,
1194 1848 1283 1876 steri-

713 1896 760 1930 le,
778 1894 909 1935 utfelia:
930 1895 1025 1924 arbor
1043 1905 1101 1934 pro
1122 1893 1280 1933 frugifera.

715 1941 779 1971 vid.
796 1943 903 1980 Intpp.
921 1941 960 1969 ad
980 1941 1068 1969 Grat.
1081 1940 1200 1980 Cyneg.
1217 1945 1280 1975 442

715 1994 746 2016 et
770 1987 809 2016 al.
838 1986 1011 2026 Epitheton
1032 1986 1112 2022 hoc,
1133 1992 1283 2025 tanquam

716 2033 885 2072 Virgilium
913 2039 1075 2062 auctorem
1099 2042 1282 2073 agnoscens,

716 2079 821 2107 laudat
834 2079 914 2108 Pliu.
931 2080 1037 2116 XXII,
1055 2090 1079 2109 s.
1097 2089 1149 2116 77.
1171 2080 1285 2107 Avena

716 2136 775 2165 pro
794 2126 943 2154 frumenti
961 2125 1039 2155 vitio
1064 2125 1141 2155 olim
1164 2124 1283 2159 habita,

716 2178 753 2200 ut
771 2179 802 2201 et
823 2171 980 2200 hordeum
1002 2172 1038 2200 in
1059 2182 1127 2201 eam
1150 2170 1284 2211 degene-

715 2226 781 2247 rare
794 2217 967 2254 crederent,
983 2218 1049 2248 vid.
1067 2218 1146 2248 Plin.
1160 2218 1284 2252 XVIII,
