1377 2428
580 100 701 129 LIBER
727 98 785 127 III.

1212 92 1274 128 327

82 157 278 202 Incubuit,
294 157 533 207 Scythiaeque
551 157 684 194 hiemis
709 166 822 205 atque
842 153 948 191 arida
964 152 1092 190 differt

83 217 224 254 Nubila
241 231 248 251 :
267 227 347 254 tum
367 226 509 267 segetes
531 217 613 254 altae
629 217 828 266 campique
848 222 1019 251 natantes

84 278 250 315 Lenibus
266 278 490 315 horrescunt
510 277 658 323 flabris,
675 289 906 325 summaeque
922 286 1099 311 sonorem

86 340 184 374 Dant
203 339 323 384 silvae,
340 339 517 388 longique
537 346 672 388 urgent
689 337 736 373 ad
751 337 862 373 litora
880 335 1015 371 fluctus
1034 349 1042 370 :

1232 349 1280 364 200

85 398 152 434 Ille
167 399 287 444 volat,
307 399 417 436 simul
435 412 525 435 arva
542 399 648 449 fuga,
666 398 776 434 simul
793 408 947 446 aequora
961 406 1127 431 verrens.

86 457 175 503 Hic,
196 458 255 495 vel
271 458 318 494 ad
334 458 413 495 Elei
428 467 564 504 metas,
581 467 618 494 et
636 468 812 493 maxuma
827 453 951 503 campi

86 611 137 641 sed
152 613 207 652 qui
221 623 331 653 magna
349 623 422 642 cum
437 614 468 642 vi
483 619 514 642 et
532 614 652 652 impetu

85 659 146 688 late
166 660 283 696 fertur3
303 659 418 688 densus
432 666 581 699 praeterea
595 670 653 699 pro

86 705 191 735 dense.
219 707 359 735 Ouwens
386 707 426 736 N.
456 707 496 736 H.
525 717 556 746 p.
588 706 652 744 589

86 752 219 780 densum
240 759 394 792 perpetuo
417 752 593 793 aequalique
609 758 653 781 te-

86 809 164 828 nore
184 798 372 838 spirantem,
393 809 459 828 non
478 809 534 839 per
556 799 652 827 inter-

86 844 167 874 valla
179 867 186 881 ,
205 845 345 884 accipere
360 845 438 875 vult.
455 844 575 886 thsterc
587 844 653 874 hie-

87 901 153 920 mes
175 901 229 920 seu
254 891 424 931 proeellaS‚
450 891 481 921 h.
505 891 652 930 dissipat,

87 948 128 966 ex
147 939 270 967 Lucret.
286 939 301 966 Ι
314 960 323 973 ,
354 939 430 975 273.
446 937 550 967 Arida
567 936 654 966 nubi—

88 984 140 1019 la,
167 983 267 1012 nubes
290 984 356 1013 sine
380 983 508 1023 pluviis.
540 982 656 1023 Campi

88 1037 238 1059 natantes
255 1052 263 1065 ‚
292 1036 408 1070 segetes
436 1029 593 1059 undantes
617 1040 652 1058 ac

87 1075 294 1112 fluctuantes3
309 1086 325 1105 a
340 1076 548 1105 similitudine
560 1077 654 1105 maris

86 1121 203 1151 fluetus
227 1122 384 1152 volventis
394 1133 402 1159 3
434 1130 542 1152 natant
582 1133 655 1162 quae

87 1168 174 1207 aquis
189 1168 330 1198 obducta
343 1176 431 1204 sunt,
447 1170 554 1209 itaque
567 1179 654 1198 nunc

88 1215 154 1254 agri
171 1215 271 1244 aristis
291 1222 442 1255 segetum.
462 1217 543 1246 Mox
566 1215 658 1256 longi

75 1260 199 1301 fluctus
221 1269 356 1301 urgent,
389 1272 448 1301 pro
478 1262 572 1302 longe
591 1272 600 1298 ;
625 1268 657 1290 at

87 1306 190 1335 multo
220 1308 409 1346 exquisitius
435 1307 551 1337 fluctus
585 1308 655 1336 lon-

84 1351 139 1392 gi,
158 1352 214 1392 qui
227 1364 243 1382 e
255 1353 432 1393 longinquo
446 1354 597 1391 veniunt3
611 1364 657 1383 ur-

85 1405 184 1437 gent,
211 1399 406 1439 protrudunt
437 1410 469 1429 se
480 1423 488 1435 ,
520 1401 656 1430 volvun-

87 1449 150 1474 tur.
163 1445 242 1480 Ille,
263 1446 368 1485 aquilo
378 1468 387 1483 ,
403 1446 498 1477 volat.
510 1448 557 1477 De
573 1457 656 1487 equo

85 1488 174 1520 hunc
208 1502 334 1521 versum
371 1502 484 1532 parum
515 1503 654 1523 commo-

88 1535 127 1564 de
156 1537 290 1578 accipias
319 1547 326 1568 :
355 1548 428 1567 cum
458 1539 499 1567 sit
525 1550 656 1579 oequora

86 1592 229 1614 verrens,
263 1600 299 1606 ·—
324 1584 397 1623 198.
427 1585 512 1613 Dum
537 1593 656 1626 segetes

87 1634 160 1658 octo
175 1639 216 1659 ex
235 1631 364 1670 optimis
380 1630 474 1661 codd.
496 1642 569 1660 cum
586 1642 653 1662 uno

86 1675 243 1706 Arundel.
264 1676 401 1715 Conjicit
416 1678 468 1707 Jo,
487 1676 650 1708 Schrader.

85 1722 254 1763 campique
277 1722 422 1753 nitentes.
434 1723 506 1764 [Hic
523 1724 653 1764 quidem

85 1768 194 1808 campi
220 1779 279 1809 pro
303 1776 409 1810 segete
437 1779 444 1800 :
472 1770 552 1810 quid
576 1781 653 1800 vero

86 1822 333 1846 consentaneum
346 1817 442 1856 magis
453 1839 461 1853 ,
477 1817 574 1857 magis
596 1817 652 1847 ob-

84 1871 174 1890 vmm
186 1884 194 1898 ,
225 1871 321 1901 quam
349 1869 485 1902 segetem
511 1871 627 1893 natare
641 1886 649 1900 ‚

73 1906 237 1948 fluctuare
253 1907 333 1945 dici,
351 1910 450 1938 ventis
464 1909 652 1949 impellenti·-

86 1952 256 1994 bus?]—1
264 1965 318 1994 99.
330 1954 553 1997 Etesiaflabra
563 1956 654 1996 aqui-

84 1999 194 2028 lonum
208 2001 345 2030 Lucretii
354 2003 394 2037 V,
411 2007 472 2038 741
486 2001 529 2031 ob
542 2003 653 2032 oculos

54 2044 63 2052 ‘
82 2044 229 2076 habuisse
244 2048 411 2077 Maronem
424 2047 570 2077 censebat
580 2050 653 2079 Wa-

82 2090 145 2122 kef.
160 2100 191 2122 et
209 2104 288 2123 vers,
304 2104 368 2135 seq.
389 2093 482 2135 longi
481 2094 606 2136 fluctus
617 2096 652 2125 in

83 2147 221 2169 mentem
234 2147 384 2170 revocant
396 2139 524 2183 κύματα.
542 2139 650 2184 μακρὰ

84 2184 248 2221 θαλάσσης.
259 2188 350 2228 Fuga
361 2210 369 2224 ,
389 2186 428 2216 de
445 2187 539 2217 celeri
555 2198 651 2218 cursu

83 2242 118 2262 ac
136 2240 244 2269 motu,
262 2239 299 2262 ut
315 2230 397 2274 saepe
411 2241 522 2274 poetae.
542 2236 574 2263 V
571 2245 651 2264 erre-

707 623 740 642 re
754 612 792 641 de
805 611 907 640 ventis
919 633 926 647 ,
943 620 983 639 ex
998 619 1086 639 more
1100 614 1276 649 poetarum,

708 670 766 699 pro
782 658 926 698 perflare.

756 715 832 734 202.
862 703 1012 733 filaxima
1040 700 1123 731 Circi
1145 699 1279 729 Sudahic

707 752 812 791 spacia
834 749 1023 787 conjiciebat
1043 745 1224 777 Markland.
1240 745 1279 775 ad

707 800 783 828 Stat.
799 797 873 827 Sssv.
886 799 926 833 V,
952 807 963 825 1
975 818 984 832 ‚
1003 806 1041 824 21
1057 804 1064 824 z
1082 794 1175 823 nimis
1191 792 1277 822 calli-

708 844 758 881 de;
774 846 817 874 ita
831 844 915 872 enim
930 843 1027 872 Eleus
1043 840 1172 870 Circum
1185 845 1279 879 poeta

708 890 811 920 dictus
818 897 906 919 esset.
917 887 1084 929 Jungenda
1091 886 1130 916 ad
1141 892 1242 915 metas
1249 892 1281 915 et

706 937 813 977 spatia
823 935 930 976 campi
940 934 1022 965 Elei.
1034 937 1277 967 —202—-204,

707 985 768 1014 Hic
782 984 833 1013 vel
851 983 955 1012 bonus
971 982 1030 1011 erit
1047 982 1082 1010 in
1103 979 1279 1009 certamini-

706 1030 778 1066 bus,
789 1040 805 1059 e
815 1029 932 1070 quibus
942 1028 1120 1069 Olympica,
1129 1033 1280 1066 tanquam

707 1077 907 1117 praestantius
925 1085 1024 1116 genus
1035 1097 1044 1112 ,
1062 1079 1214 1103 memorat
1228 1071 1280 1100 vel

709 1122 861 1164 agitandis
878 1121 1036 1151 curribus.
1057 1121 1101 1150 At
1117 1129 1212 1160 quam
1228 1128 1279 1147 or-

711 1176 781 1199 nate
812 1168 936 1208 singula
953 1170 958 1198 !
991 1166 1138 1197 maxima
1171 1164 1280 1206 spacia

710 1215 835 1255 campi,
860 1214 1027 1251 curriculi,
1054 1211 1260 1253 hippodromi
1270 1232 1278 1246 ‚

709 1273 769 1302 pro
793 1262 922 1302 magnis,
950 1262 998 1290 De
1027 1258 1138 1299 spatiis
1161 1258 1277 1297 Georg-

710 1309 742 1337 11
757 1315 838 1338 extr.
853 1307 996 1342 Sudabis,
1015 1306 1086 1347 plus
1108 1314 1204 1345 quam
1227 1304 1279 1333 de-

711 1361 827 1384 curret.
842 1355 867 1383 E
882 1353 1028 1382 curribus
1044 1352 1154 1382 esseda
1169 1349 1277 1391 Belgi-

710 1411 749 1430 ca
775 1401 876 1441 ponit.
901 1400 983 1430 Cum
1006 1398 1045 1428 de
1070 1397 1279 1439 generosioris

709 1448 782 1486 equi
802 1456 933 1476 munere
955 1451 1085 1485 agatur,
1111 1442 1280 1473 desiderari

708 1493 834 1523 videtur
860 1502 978 1522 nomen
1008 1501 1119 1520 currus
1151 1489 1278 1524 bellici,

708 1540 852 1579 inprimis
866 1548 939 1567 cum
952 1548 984 1567 v.
1005 1547 1068 1577 1¹59
1085 1536 1142 1566 Sin
1158 1536 1204 1565 ad
1216 1535 1279 1564 bel-

709 1587 743 1616 la
759 1584 862 1626 magis
876 1590 944 1614 -010,
963 1582 1103 1613 dixisset.
1120 1583 1192 1613 Jam
1210 1584 1276 1612 Ro-

708 1632 793 1662 mani
810 1630 923 1661 essedis
946 1630 1045 1670 vulgo
1064 1630 1113 1658 usi
1127 1634 1202 1658 sunt
1217 1628 1277 1657 iter

707 1679 872 1709 facientes:
884 1676 917 1706 id
931 1676 1019 1716 quod
1034 1682 1127 1716 poeta
1147 1675 1203 1704 vix
1216 1685 1275 1714 pro

707 1725 860 1765 dig-nitate
876 1723 1022 1753 carminis
1035 1731 1209 1751 memorare
1222 1731 1277 1761 po-

707 1773 786 1808 tuit3
820 1771 975 1811 petierant
1003 1775 1109 1798 autem
1139 1777 1233 1796 11511111
1259 1778 1276 1796 a

706 1819 865 1848 Britannis
876 1840 884 1854 ‚
899 1817 956 1856 qui
973 1826 1013 1844 ex
1028 1814 1142 1844 essedis
1156 1823 1277 1854 pugna-

704 1865 792 1895 bant.
810 1863 894 1893 conf.
906 1861 1006 1893 cerda
1021 1868 1052 1891 et
1067 1861 1197 1891 Martin.
1208 1861 1277 1889 Aut

703 1913 809 1951 itaque
836 1908 1006 1939 dicendum
1023 1915 1172 1948 :poetam
1194 1916 1275 1936 esse-

706 1958 745 1988 da
765 1967 825 1997 pro
848 1955 1007 1985 nobiliore
1027 1963 1160 1995 genere,
1193 1952 1275 1992 bigis

705 2003 928 2044 quadrigisque
936 2001 1098 2031 lautorum
1106 1999 1276 2029 hominum

706 2049 822 2090 quibus
849 2048 1063 2089 generosiores
1085 2047 1161 2087 equi
1183 2046 1275 2085 jungi

704 2096 825 2132 solent,
842 2095 1000 2135 posuisse,
1020 2100 1057 2123 ut
1074 2094 1189 2134 passim
1206 2092 1272 2123 Cae-

704 2152 825 2178 sarum,
842 2141 989 2171 curribus
1007 2139 1255 2180 triumphalibus
1266 2159 1275 2174 ‚

704 2189 840 2225 thensis,
859 2194 896 2217 ut
914 2186 1001 2227 apud
1018 2188 1128 2217 Horat.
1145 2188 1204 2227 Ep.
1222 2186 1253 2214 11
1265 2205 1274 2220 ‚

710 2245 723 2264 1
738 2258 746 2273 ‚
772 2245 833 2275 192
855 2234 894 2264 de
909 2243 1026 2275 pompa
1042 2232 1226 2274 triumphali
1242 2233 1275 2261 in
