1408 2428
543 91 666 121 LIBER
690 90 731 119 ΙΙ.

1167 95 1228 123 277

42 152 127 199 Ipsa
145 148 233 185 satis
249 148 373 194 tellus,
394 159 510 197 quum
526 147 637 184 dente
654 145 860 183 recluditur
876 159 990 193 unco,

43 209 189 247 Sufficit
205 209 419 254 humorem,
436 216 472 244 et
489 207 662 258 gravidas
678 220 762 243 cum
778 220 931 243 vomere
950 207 1086 256 fruges.

44 273 126 307 Hoc
144 271 320 319 pinguem
338 277 374 306 et
392 269 566 318 placitam
581 268 666 304 Paci
680 267 845 304 nutritor
861 268 1009 304 olivam.

44 333 158 367 Poma
175 343 343 380 quoque,
359 338 400 366 ut
416 329 579 379 primum
598 337 749 365 truncos
765 341 912 366 sensere
927 328 1102 374 valentis,

43 394 89 428 Et
105 392 204 429 vires
219 391 386 428 habuere
403 404 506 437 suas,
524 389 571 426 ad
590 389 712 426 sidera
729 389 864 438 raptim

42 452 89 488 Vi
105 452 259 501 propria
275 452 465 498 nituntur,
484 451 642 500 opisque
661 449 763 486 haud
778 449 904 499 indiga
921 458 1068 486 nostrae.

94 515 173 548 Nec
187 512 308 549 minus
322 512 465 548 interea
483 511 561 548 fetu
576 524 706 547 nemus
724 523 834 546 omne
850 510 1051 559 gravescit,

45 654 91 659 —-
101 637 241 667 radicem
264 636 396 679 affigere
415 645 515 667 [ει-να).
528 639 566 666 Et
578 637 617 666 ad

45 683 99 712 illa
114 693 271 724 aurasque
294 683 434 712 tulerunt
446 683 485 713 cf.
503 694 533 712 v.
551 684 614 712 332

46 740 92 769 sq.
107 731 146 758 In
167 728 228 759 illis
246 739 253 759 :
269 730 391 764 -423
404 752 412 766 ,
431 735 496 764 424
513 735 616 768 potest

47 776 176 815 quidem
201 783 285 805 recte
313 775 377 805 dici
393 784 401 805 :
430 775 499 815 ipsa
526 775 617 804 tellus

45 821 142 859 satis,
174 822 207 852 h.
240 822 377 859 affatim,
406 820 523 863 sufficit
546 821 612 850 scil.

48 867 125 897 oleis
153 867 336 903 Izumorem;
358 867 480 905 judicio
511 873 615 896 tamen

47 924 82 943 ac
101 914 237 943 delectui
254 914 428 955 Virgiliano
454 920 615 943 consenta-

46 970 143 989 neum
154 983 162 997 ,
194 959 269 989 satis
310 961 353 989 ita
383 960 524 1000 accipere
537 981 545 996 ,
577 965 614 988 ut

46 1006 129 1035 oleas
146 1014 217 1036 sata
233 1006 449 1047 appellaverit,
463 1005 611 1045 quemad-

46 1052 176 1082 modum
200 1063 295 1092 supra
320 1053 435 1082 vineas.
461 1052 500 1081 cf.
525 1051 564 1080 ad
581 1063 610 1080 v.

50 1098 126 1136 267.
139 1099 190 1129 Sic
206 1109 282 1128 mox
297 1109 327 1128 v.
350 1099 414 1134 436
434 1108 613 1138 soepemque

48 1144 135 1174 satis.
161 1147 261 1181 Porro
288 1144 367 1174 dens
385 1155 482 1173 uncus
499 1144 612 1184 ligonis

48 1201 83 1220 ac
102 1190 240 1220 bidentis
258 1198 319 1227 est3
343 1197 373 1220 et
394 1191 547 1220 sententia
567 1191 612 1219 sic

44 1238 266 1274 constituitur,
290 1243 342 1273 ut,
365 1236 538 1266 dummodo
566 1236 611 1266 fo-

45 1283 148 1312 diatur
168 1291 198 1312 et
213 1283 340 1313 bidente
357 1290 410 1312 aut
424 1283 547 1312 sarculo
563 1293 611 1312 su-

44 1329 169 1370 bigatur
183 1329 300 1359 humus
312 1352 319 1365 ‚
335 1330 398 1367 jam
411 1331 509 1370 ipsam
523 1329 611 1358 tellu-

43 1386 109 1404 rem
128 1375 211 1405 dicat
229 1376 429 1415 suppeditare
451 1375 527 1405 oleis
548 1374 607 1403 hu-

43 1431 178 1458 morem3
196 1423 221 1451 si
239 1432 315 1450 vero
329 1422 421 1451 etiam
438 1427 542 1450 aretur
559 1431 607 1450 so-

40 1468 107 1496 lum
121 1474 151 1497 et
169 1467 336 1507 aliquando
355 1468 451 1508 magis
463 1467 607 1507 frangan-

41 1521 93 1542 tur
121 1514 242 1554 glebae3
274 1514 417 1543 tellurem
441 1513 609 1542 subminis-

41 1567 121 1589 trare
144 1559 294 1600 gravidas
311 1559 446 1601 finges,
477 1558 509 1588 h.
532 1559 607 1588 ube-

37 1617 102 1635 rem
131 1606 285 1636 olivarum
311 1612 512 1646 proventum.
543 1606 604 1635 Co-

37 1652 114 1682 lum.
129 1654 159 1681 V
170 1676 178 1682 .
197 1663 216 1692 9
229 1675 237 1690 ,
258 1653 298 1681 15
313 1663 389 1681 nam
402 1651 520 1681 veteris
527 1662 602 1691 pro-

39 1697 134 1727 verbii
143 1698 323 1727 meminisse
337 1697 482 1727 convenit
491 1708 503 1730 ;
518 1708 599 1735 eum,

36 1744 92 1784 qui
110 1751 180 1774 aret
203 1744 347 1774 olivetum
363 1768 370 1782 ‚
389 1754 503 1785 rogare
508 1743 599 1784 sruc-

36 1799 100 1819 tum
110 1803 123 1826 ;
137 1791 345 1831 qztistercoret
352 1814 360 1827 ,
377 1800 513 1820 exorare
522 1802 535 1825 ;
545 1789 602 1830 qui

35 1837 140 1866 coedac
152 1836 302 1877 (putet),
314 1847 449 1877 cogere;
464 1843 494 1865 et
506 1835 526 1876 S
546 1847 597 1866 12.

37 1882 102 1912 Sed
129 1882 370 1923 id(olivetum)
395 1881 525 1911 minime
553 1881 599 1910 bis

37 1939 125 1958 anno
144 1928 232 1957 arari
251 1928 358 1964 debet,
378 1935 408 1957 et
424 1927 599 1956 bidentibus

36 1974 102 2004 alte
123 1973 346 2014 circumfhdiri.
372 1973 511 2004 Tandem
529 1983 598 2001 cum

35 2030 165 2050 'romere
179 2026 282 2060 potest
290 2019 417 2059 quidem
431 2020 474 2048 ita
487 2020 598 2058 accipi,

36 2067 72 2096 fit
86 2067 144 2102 sit,
163 2076 236 2095 cum
254 2066 392 2095 aratione
403 2088 411 2102 ,
426 2065 459 2094 h.
475 2075 502 2094 e.
521 2064 598 2093 duc-

36 2119 69 2142 to
86 2122 213 2141 vomere
227 2134 236 2149 ‚
260 2113 397 2141 aratione
423 2111 521 2147 facta;
544 2110 598 2139 sed

36 2158 140 2187 verius
164 2165 229 2195 est,
248 2164 285 2186 ut
306 2157 504 2197 suppleatur,
527 2160 598 2185 cum

35 2203 206 2236 recluditur
238 2213 368 2233 ‘vomere
391 2214 402 2231 .·
426 2202 545 2232 scilicet
568 2209 599 2231 et

190 2270 218 2304 1.

672 636 764 665 tellus
796 635 911 678 sufficit
932 634 1047 677 fruges
1068 634 1233 676 gravidas,

670 693 738 711 cum
758 681 930 710 recluditur
949 692 1090 711 vomere.
1100 699 1146 704 ——
1157 688 1219 718 424
1227 707 1233 713 .

672 727 826 757 Gravidus
835 726 1143 768 cmnsoenorefi·nges
1151 730 1233 766 conj.

669 773 775 803 Reisk.
792 780 823 802 et
840 775 892 803 Jo.
908 773 1071 803 Schrader.
1092 791 1138 795 —-
1157 780 1171 809 4
1180 785 1196 803 2
1204 775 1232 804 5.

669 820 760 848 Hoc:
788 826 833 848 est
869 820 1074 848 Homericum
1097 822 1146 860 Τῷ
1175 831 1234 859 pro

669 861 722 894 διὰ
736 866 824 894 τοῦτο
835 887 842 901 ,
853 872 983 905 propter
997 865 1074 901 hoc,
1090 873 1233 905 propter-

668 922 720 948 ea;
741 918 776 940 ut
798 913 922 941 Lucret.
948 913 1009 948 IV,
1031 911 1112 948 1087
1136 918 1165 940 et
1181 912 1233 941 alji

667 957 800 987 nutritor
806 968 864 998 pro
879 957 1001 997 vulgari
1011 956 1149 986 nztlri--—
1159 958 1232 986 Pla-

666 1003 770 1033 cidum
816 1004 957 1044 quinque
1001 1003 1085 1043 apud
1122 1005 1228 1033 Burni.

665 1050 754 1080 male.

713 1097 789 1132 426.
813 1096 960 1126 Calentes
973 1095 1090 1126 Medic.
1113 1107 1128 1125 a
1144 1107 1226 1127 man.

665 1153 714 1183 pr.
742 1160 788 1164 —
812 1143 1016 1172 Commendat
1034 1150 1125 1183 poeta
1157 1144 1228 1172 reli·

666 1199 799 1229 quarum
827 1199 954 1228 quoque
982 1188 1131 1219 arborum
1163 1190 1229 1218 cul-

664 1242 741 1264 tum.
758 1237 860 1264 Poma
873 1235 1022 1264 videmur
1035 1236 1166 1264 omnino
1174 1246 1228 1275 po-

665 1281 782 1310 miferae
800 1291 864 1310 esse
889 1281 1024 1310 arbores.
1037 1281 1171 1320 Reliqua
1184 1282 1227 1310 sic

664 1327 760 1368 vulgo
775 1328 875 1367 accipi
890 1327 982 1356 video
999 1336 1006 1356 :
1024 1334 1149 1356 truncos
1156 1338 1226 1356 scn-

664 1383 751 1408 sere,
774 1373 891 1413 quihus
910 1374 1011 1402 insitae
1032 1380 1107 1402 sunt
1136 1373 1224 1409 mali,

661 1426 692 1448 et
705 1430 778 1448 cum
793 1429 906 1448 succus
919 1429 1029 1449 eorum
1044 1421 1077 1448 in
1095 1429 1126 1448 se
1145 1410 1224 1448 deff-

661 1472 787 1496 varunt.
804 1467 924 1494 Verum
939 1475 1065 1494 sensere
1075 1488 1083 1502 ,
1099 1471 1135 1494 ut
1150 1476 1224 1505 poe-

661 1518 691 1540 ta
711 1511 811 1547 dixit,
831 1521 891 1551 pro
914 1511 1068 1547 habuere,
1088 1511 1222 1547 habent;

660 1557 718 1586 ubi
739 1558 833 1586 semel
857 1556 1080 1591 adoleverunt,
1098 1564 1134 1586 ut
1159 1559 1221 1596 jam

657 1605 763 1632 trunci
779 1604 852 1640 sint,
864 1614 929 1633 non
942 1603 1060 1633 surculi
1076 1603 1220 1641 ;ubijam

656 1649 756 1679 robur
764 1649 890 1680 hahent.
898 1667 943 1671 —
952 1656 969 1685 4
976 1661 992 1678 2
1000 1661 1014 1687 7
1022 1673 1028 1679 .
1040 1649 1127 1678 Vires
1136 1660 1219 1686 suas,

655 1706 712 1726 nos
723 1718 731 1732 ‚
747 1706 857 1725 succos
874 1697 1063 1725 necessarios
1074 1717 1082 1731 ‚
1101 1703 1130 1724 et
1144 1706 1220 1735 pro-

647 1742 725 1782 pria
739 1741 779 1771 vi
791 1765 799 1779 ,
818 1749 930 1771 natura
948 1752 1022 1778 sua3
1045 1742 1128 1770 conf,
1156 1752 1216 1770 vss.

655 1800 697 1828 79
706 1806 754 1811 —
765 1789 817 1818 82.

698 1841 774 1874 429.
809 1836 913 1875 Pergit
947 1835 1217 1875 argumentatione

651 1891 751 1920 usqne
767 1880 806 1909 ad
830 1891 860 1910 v.
879 1881 960 1916 4543
982 1881 1147 1909 exornavit
1161 1890 1215 1909 au-
1257 1908 1261 1910 ,

652 1933 713 1956 tem
730 1927 835 1956 locum
855 1933 918 1955 arte
933 1926 1078 1955 mirabili.
1092 1927 1124 1955 Si
1139 1926 1217 1955 oleae

652 1979 682 2002 et
708 1982 801 2001 omne
826 1982 994 2011 pomorum
1023 1982 1121 2012 genus
1149 1983 1216 2002 nou

652 2018 782 2047 eandem
811 2028 847 2046 ac
871 2019 970 2047 vineae
995 2028 1120 2058 operam
1137 2017 1216 2047 desi-

651 2064 776 2098 derant,
792 2063 893 2093 multo
912 2065 1016 2093 minus
1034 2064 1150 2104 reliqua
1166 2075 1215 2094 ar-

651 2110 766 2139 borum
798 2120 911 2150 genera
939 2110 1076 2139 multum
1098 2110 1215 2139 laboris

650 2157 795 2196 exigunt,
818 2162 847 2184 et
865 2167 994 2196 magnos
1011 2163 1114 2186 tamen
1131 2157 1216 2186 fruc-

650 2209 699 2232 tus
722 2201 835 2232 ferunt.
851 2221 896 2225 ——
914 2202 1047 2232 Virescit
1064 2202 1214 2233 Ronend.

1008 2272 1053 2309 24
