<?xml version="1.0" encoding="UTF-8"?>
<!DOCTYPE html PUBLIC "-//W3C//DTD XHTML 1.0 Transitional//EN"
    "http://www.w3.org/TR/xhtml1/DTD/xhtml1-transitional.dtd">
<html xmlns="http://www.w3.org/1999/xhtml" xml:lang="en" lang="en">
 <head>
  <title>
</title>
<meta http-equiv="Content-Type" content="text/html;charset=utf-8" />
  <meta name='ocr-system' content='tesseract 3.04.00' />
  <meta name='ocr-capabilities' content='ocr_page ocr_carea ocr_par ocr_line ocrx_word'/>
</head>
<body>
  <div class='ocr_page' id='page_1' title='image "./operahey01virguoft_0151.png"; bbox 0 0 1408 2428; ppageno 0'>
   <div class='ocr_carea' id='block_1_1' title="bbox 88 62 1278 398">
    <p class='ocr_par' dir='ltr' id='par_1_1' title="bbox 88 62 1278 398">
     <span class='ocr_line' id='line_1_1' title="bbox 564 62 1278 113; baseline -0.008 -19"><span class='ocrx_word' id='word_1_1' title='bbox 564 64 733 95; x_wconf 85' lang='lat' dir='ltr'><strong>ECLOGA</strong></span> <span class='ocrx_word' id='word_1_2' title='bbox 758 62 813 93; x_wconf 74' lang='lat' dir='ltr'><strong>IX.</strong></span> <span class='ocrx_word' id='word_1_3' title='bbox 1124 98 1131 113; x_wconf 57' lang='grc' dir='ltr'><strong><em>Ι</em></strong></span> <span class='ocrx_word' id='word_1_4' title='bbox 1221 71 1231 88; x_wconf 96' lang='lat'>1</span> <span class='ocrx_word' id='word_1_5' title='bbox 1244 70 1278 96; x_wconf 61' lang='lat' dir='ltr'><strong>L?</strong></span> 
     </span>
     <span class='ocr_line' id='line_1_2' title="bbox 89 120 1034 161; baseline -0.006 0"><span class='ocrx_word' id='word_1_6' title='bbox 89 127 171 161; x_wconf 88' lang='lat' dir='ltr'><strong>Huc</strong></span> <span class='ocrx_word' id='word_1_7' title='bbox 191 123 278 160; x_wconf 84' lang='lat' dir='ltr'><strong>ades</strong></span> <span class='ocrx_word' id='word_1_8' title='bbox 296 136 302 158; x_wconf 93' lang='lat'>:</span> <span class='ocrx_word' id='word_1_9' title='bbox 325 123 444 160; x_wconf 85' lang='lat' dir='ltr'><strong>insani</strong></span> <span class='ocrx_word' id='word_1_10' title='bbox 464 121 599 159; x_wconf 86' lang='lat' dir='ltr'><strong>feriant</strong></span> <span class='ocrx_word' id='word_1_11' title='bbox 618 122 697 158; x_wconf 85' lang='lat' dir='ltr'><strong>sine</strong></span> <span class='ocrx_word' id='word_1_12' title='bbox 718 121 829 157; x_wconf 86' lang='lat' dir='ltr'><strong>litora</strong></span> <span class='ocrx_word' id='word_1_13' title='bbox 850 120 997 156; x_wconf 87' lang='lat' dir='ltr'><strong>fluctus.</strong></span> <span class='ocrx_word' id='word_1_14' title='bbox 1021 136 1034 151; x_wconf 76' lang='lat' dir='ltr'><em>u</em></span> 
     </span>
     <span class='ocr_line' id='line_1_3' title="bbox 603 195 1071 227; baseline -0.006 -10"><span class='ocrx_word' id='word_1_15' title='bbox 603 195 773 217; x_wconf 70' lang='lat' dir='ltr'><strong>LYCIDAS.</strong></span> <span class='ocrx_word' id='word_1_16' title='bbox 1070 223 1071 227; x_wconf 19' lang='grc' dir='ltr'><strong>Ἰ</strong></span> 
     </span>
     <span class='ocr_line' id='line_1_4' title="bbox 89 241 1063 292; baseline -0.005 -13"><span class='ocrx_word' id='word_1_17' title='bbox 89 241 208 288; x_wconf 85' lang='lat' dir='ltr'>Quid,</span> <span class='ocrx_word' id='word_1_18' title='bbox 230 256 313 292; x_wconf 86' lang='lat' dir='ltr'><strong>quae</strong></span> <span class='ocrx_word' id='word_1_19' title='bbox 334 251 369 279; x_wconf 87' lang='lat' dir='ltr'><strong>te</strong></span> <span class='ocrx_word' id='word_1_20' title='bbox 389 254 485 292; x_wconf 85' lang='lat' dir='ltr'><strong>pura</strong></span> <span class='ocrx_word' id='word_1_21' title='bbox 505 241 625 279; x_wconf 85' lang='lat' dir='ltr'><strong>solum</strong></span> <span class='ocrx_word' id='word_1_22' title='bbox 645 241 715 278; x_wconf 87' lang='lat' dir='ltr'><strong>sub</strong></span> <span class='ocrx_word' id='word_1_23' title='bbox 736 249 845 277; x_wconf 88' lang='lat' dir='ltr'><strong>nocte</strong></span> <span class='ocrx_word' id='word_1_24' title='bbox 867 247 1063 276; x_wconf 82' lang='lat' dir='ltr'>canentem</span> 
     </span>
     <span class='ocr_line' id='line_1_5' title="bbox 88 301 1278 348; baseline -0.004 -9"><span class='ocrx_word' id='word_1_25' title='bbox 88 303 313 340; x_wconf 80' lang='lat' dir='ltr'>Audieram?</span> <span class='ocrx_word' id='word_1_26' title='bbox 334 316 510 340; x_wconf 84' lang='lat' dir='ltr'><strong>numeros</strong></span> <span class='ocrx_word' id='word_1_27' title='bbox 530 303 701 348; x_wconf 86' lang='lat' dir='ltr'><strong>memini,</strong></span> <span class='ocrx_word' id='word_1_28' title='bbox 718 303 749 339; x_wconf 85' lang='lat' dir='ltr'><strong>si</strong></span> <span class='ocrx_word' id='word_1_29' title='bbox 769 301 885 338; x_wconf 79' lang='lat' dir='ltr'><strong>verba</strong></span> <span class='ocrx_word' id='word_1_30' title='bbox 907 309 1083 337; x_wconf 88' lang='lat' dir='ltr'><strong>tenerem.</strong></span> <span class='ocrx_word' id='word_1_31' title='bbox 1246 307 1278 334; x_wconf 66' lang='lat'><strong>45</strong></span> 
     </span>
     <span class='ocr_line' id='line_1_6' title="bbox 619 375 764 398; baseline 0.007 -1"><span class='ocrx_word' id='word_1_32' title='bbox 619 375 764 398; x_wconf 76' lang='lat' dir='ltr'><strong>MOERIS.</strong></span> 
     </span>
    </p>
   </div>
   <div class='ocr_carea' id='block_1_2' title="bbox 84 419 1277 772">
    <p class='ocr_par' dir='ltr' id='par_1_2' title="bbox 88 419 1139 472">
     <span class='ocr_line' id='line_1_7' title="bbox 88 419 1139 472; baseline -0.005 -14"><span class='ocrx_word' id='word_1_33' title='bbox 88 440 101 454; x_wconf 86' lang='lat'>«</span> <span class='ocrx_word' id='word_1_34' title='bbox 123 422 293 472; x_wconf 85' lang='lat' dir='ltr'>Daphni,</span> <span class='ocrx_word' id='word_1_35' title='bbox 314 423 405 472; x_wconf 89' lang='lat' dir='ltr'><strong>quid</strong></span> <span class='ocrx_word' id='word_1_36' title='bbox 426 423 598 472; x_wconf 83' lang='lat' dir='ltr'><strong>antiquos</strong></span> <span class='ocrx_word' id='word_1_37' title='bbox 618 423 810 472; x_wconf 80' lang='lat' dir='ltr'><strong>signorum</strong></span> <span class='ocrx_word' id='word_1_38' title='bbox 830 419 986 469; x_wconf 79' lang='lat' dir='ltr'><strong>suspicis</strong></span> <span class='ocrx_word' id='word_1_39' title='bbox 1008 420 1139 454; x_wconf 79' lang='lat' dir='ltr'><strong>ortus?</strong></span> 
     </span>
    </p>

    <p class='ocr_par' dir='ltr' id='par_1_3' title="bbox 87 482 908 532">
     <span class='ocr_line' id='line_1_8' title="bbox 87 482 908 532; baseline -0.005 -14"><span class='ocrx_word' id='word_1_40' title='bbox 87 484 181 518; x_wconf 89' lang='lat' dir='ltr'><strong>Ecce</strong></span> <span class='ocrx_word' id='word_1_41' title='bbox 201 482 347 518; x_wconf 86' lang='lat' dir='ltr'><strong>Dionaei</strong></span> <span class='ocrx_word' id='word_1_42' title='bbox 368 482 549 532; x_wconf 74' lang='lat' dir='ltr'>processit</span> <span class='ocrx_word' id='word_1_43' title='bbox 568 482 723 519; x_wconf 74' lang='lat' dir='ltr'>Caesaris</span> <span class='ocrx_word' id='word_1_44' title='bbox 744 489 908 525; x_wconf 82' lang='lat' dir='ltr'><strong>astrum3</strong></span> 
     </span>
    </p>

    <p class='ocr_par' dir='ltr' id='par_1_4' title="bbox 84 539 1114 650">
     <span class='ocr_line' id='line_1_9' title="bbox 84 539 1114 591; baseline -0.006 -13"><span class='ocrx_word' id='word_1_45' title='bbox 84 544 255 588; x_wconf 71' lang='lat' dir='ltr'><strong>Asu-um,</strong></span> <span class='ocrx_word' id='word_1_46' title='bbox 276 555 352 591; x_wconf 90' lang='lat' dir='ltr'><strong>quo</strong></span> <span class='ocrx_word' id='word_1_47' title='bbox 373 551 514 591; x_wconf 75' lang='lat' dir='ltr'><strong>segetes</strong></span> <span class='ocrx_word' id='word_1_48' title='bbox 534 542 740 591; x_wconf 81' lang='lat' dir='ltr'><strong>gauderent</strong></span> <span class='ocrx_word' id='word_1_49' title='bbox 762 539 955 589; x_wconf 77' lang='lat' dir='ltr'>frugibus,</span> <span class='ocrx_word' id='word_1_50' title='bbox 977 546 1014 574; x_wconf 91' lang='lat' dir='ltr'><strong>et</strong></span> <span class='ocrx_word' id='word_1_51' title='bbox 1035 550 1114 586; x_wconf 88' lang='lat' dir='ltr'><strong>quo</strong></span> 
     </span>
     <span class='ocr_line' id='line_1_10' title="bbox 86 600 934 650; baseline -0.002 -14"><span class='ocrx_word' id='word_1_52' title='bbox 86 602 251 638; x_wconf 84' lang='lat' dir='ltr'><strong>Duceret</strong></span> <span class='ocrx_word' id='word_1_53' title='bbox 271 601 406 650; x_wconf 80' lang='lat' dir='ltr'><strong>apricis</strong></span> <span class='ocrx_word' id='word_1_54' title='bbox 427 601 464 637; x_wconf 89' lang='lat' dir='ltr'><strong>in</strong></span> <span class='ocrx_word' id='word_1_55' title='bbox 484 601 643 638; x_wconf 84' lang='lat' dir='ltr'><strong>collibus</strong></span> <span class='ocrx_word' id='word_1_56' title='bbox 664 614 738 637; x_wconf 86' lang='lat' dir='ltr'><strong>uva</strong></span> <span class='ocrx_word' id='word_1_57' title='bbox 758 600 934 637; x_wconf 87' lang='lat' dir='ltr'><strong>colorem.</strong></span> 
     </span>
    </p>

    <p class='ocr_par' dir='ltr' id='par_1_5' title="bbox 84 662 1277 772">
     <span class='ocr_line' id='line_1_11' title="bbox 84 662 1277 712; baseline -0.001 -14"><span class='ocrx_word' id='word_1_58' title='bbox 84 665 228 707; x_wconf 84' lang='lat' dir='ltr'><strong>Insere,</strong></span> <span class='ocrx_word' id='word_1_59' title='bbox 248 662 419 711; x_wconf 84' lang='lat' dir='ltr'>Daphni,</span> <span class='ocrx_word' id='word_1_60' title='bbox 440 663 560 712; x_wconf 81' lang='lat' dir='ltr'><strong>piros3</strong></span> <span class='ocrx_word' id='word_1_61' title='bbox 583 670 737 711; x_wconf 85' lang='lat' dir='ltr'><strong>carpent</strong></span> <span class='ocrx_word' id='word_1_62' title='bbox 759 669 823 697; x_wconf 85' lang='lat' dir='ltr'><strong>tua</strong></span> <span class='ocrx_word' id='word_1_63' title='bbox 842 673 955 711; x_wconf 84' lang='lat' dir='ltr'><strong>poma</strong></span> <span class='ocrx_word' id='word_1_64' title='bbox 976 668 1143 709; x_wconf 83' lang='lat' dir='ltr'><strong>nepotes.</strong></span> <span class='ocrx_word' id='word_1_65' title='bbox 1170 677 1181 690; x_wconf 70' lang='grc' dir='ltr'>υ</span> <span class='ocrx_word' id='word_1_66' title='bbox 1247 669 1277 691; x_wconf 74' lang='lat'><strong>50</strong></span> 
     </span>
     <span class='ocr_line' id='line_1_12' title="bbox 86 721 1174 772; baseline -0.003 -14"><span class='ocrx_word' id='word_1_67' title='bbox 86 723 222 759; x_wconf 86' lang='lat' dir='ltr'><strong>Omnia</strong></span> <span class='ocrx_word' id='word_1_68' title='bbox 243 722 314 759; x_wconf 87' lang='lat' dir='ltr'><strong>fert</strong></span> <span class='ocrx_word' id='word_1_69' title='bbox 335 730 440 770; x_wconf 75' lang='lat' dir='ltr'><strong>aetaS,</strong></span> <span class='ocrx_word' id='word_1_70' title='bbox 462 723 627 761; x_wconf 84' lang='lat' dir='ltr'><strong>animum</strong></span> <span class='ocrx_word' id='word_1_71' title='bbox 650 734 820 772; x_wconf 75' lang='lat' dir='ltr'><strong>quoque,</strong></span> <span class='ocrx_word' id='word_1_72' title='bbox 840 735 937 771; x_wconf 82' lang='lat' dir='ltr'><strong>saepe</strong></span> <span class='ocrx_word' id='word_1_73' title='bbox 955 733 1024 770; x_wconf 78' lang='lat' dir='ltr'><strong>ego</strong></span> <span class='ocrx_word' id='word_1_74' title='bbox 1045 721 1174 770; x_wconf 81' lang='lat' dir='ltr'><strong>longos</strong></span> 
     </span>
    </p>
   </div>
   <div class='ocr_carea' id='block_1_3' title="bbox 42 842 651 2209">
    <p class='ocr_par' dir='ltr' id='par_1_6' title="bbox 42 842 651 2209">
     <span class='ocr_line' id='line_1_13' title="bbox 132 842 651 884; baseline 0 -14"><span class='ocrx_word' id='word_1_75' title='bbox 132 842 185 876; x_wconf 79' lang='grc'><strong>43.</strong></span> <span class='ocrx_word' id='word_1_76' title='bbox 201 842 442 884; x_wconf 78' lang='lat' dir='ltr'><strong>Incanifluctus</strong></span> <span class='ocrx_word' id='word_1_77' title='bbox 456 842 543 870; x_wconf 86' lang='lat' dir='ltr'><strong>malit</strong></span> <span class='ocrx_word' id='word_1_78' title='bbox 558 843 651 871; x_wconf 90' lang='lat' dir='ltr'><strong>Bent-</strong></span> 
     </span>
     <span class='ocr_line' id='line_1_14' title="bbox 83 886 520 924; baseline 0.005 -9"><span class='ocrx_word' id='word_1_79' title='bbox 83 886 177 923; x_wconf 88' lang='lat' dir='ltr'><strong>leius,</strong></span> <span class='ocrx_word' id='word_1_80' title='bbox 193 887 233 916; x_wconf 84' lang='lat' dir='ltr'><strong>ad</strong></span> <span class='ocrx_word' id='word_1_81' title='bbox 245 890 360 917; x_wconf 85' lang='lat' dir='ltr'><strong>Lucan.</strong></span> <span class='ocrx_word' id='word_1_82' title='bbox 378 889 426 923; x_wconf 87' lang='grc' dir='ltr'><strong>ΙΙ,</strong></span> <span class='ocrx_word' id='word_1_83' title='bbox 443 887 520 924; x_wconf 83' lang='lat'><strong>673.</strong></span> 
     </span>
     <span class='ocr_line' id='line_1_15' title="bbox 115 932 650 968; baseline -0.002 -6"><span class='ocrx_word' id='word_1_84' title='bbox 115 941 117 947; x_wconf 74' lang='lat'><strong>⁴</strong></span> <span class='ocrx_word' id='word_1_85' title='bbox 131 938 182 968; x_wconf 75' lang='grc'><strong>44.</strong></span> <span class='ocrx_word' id='word_1_86' title='bbox 195 932 292 962; x_wconf 82' lang='lat' dir='ltr'><strong>Aliud</strong></span> <span class='ocrx_word' id='word_1_87' title='bbox 302 943 342 962; x_wconf 82' lang='lat' dir='ltr'><strong>ex</strong></span> <span class='ocrx_word' id='word_1_88' title='bbox 352 932 496 962; x_wconf 88' lang='lat' dir='ltr'><strong>Menalca</strong></span> <span class='ocrx_word' id='word_1_89' title='bbox 507 933 650 962; x_wconf 83' lang='lat' dir='ltr'><strong>auditum</strong></span> 
     </span>
     <span class='ocr_line' id='line_1_16' title="bbox 82 978 648 1017; baseline 0 -10"><span class='ocrx_word' id='word_1_90' title='bbox 82 978 169 1017; x_wconf 90' lang='lat' dir='ltr'><strong>quod</strong></span> <span class='ocrx_word' id='word_1_91' title='bbox 178 978 346 1008; x_wconf 88' lang='lat' dir='ltr'><strong>Moeridem</strong></span> <span class='ocrx_word' id='word_1_92' title='bbox 360 984 524 1007; x_wconf 84' lang='lat' dir='ltr'><strong>canentem</strong></span> <span class='ocrx_word' id='word_1_93' title='bbox 542 978 648 1007; x_wconf 73' lang='lat' dir='ltr'><strong>audie-</strong></span> 
     </span>
     <span class='ocr_line' id='line_1_17' title="bbox 82 1024 647 1064; baseline 0.004 -13"><span class='ocrx_word' id='word_1_94' title='bbox 82 1030 129 1052; x_wconf 83' lang='lat' dir='ltr'><strong>rat</strong></span> <span class='ocrx_word' id='word_1_95' title='bbox 144 1024 287 1064; x_wconf 83' lang='lat' dir='ltr'><strong>Lycidas.</strong></span> <span class='ocrx_word' id='word_1_96' title='bbox 304 1027 389 1054; x_wconf 81' lang='lat' dir='ltr'><strong>Pura</strong></span> <span class='ocrx_word' id='word_1_97' title='bbox 405 1024 457 1053; x_wconf 83' lang='lat' dir='ltr'><strong>sub</strong></span> <span class='ocrx_word' id='word_1_98' title='bbox 475 1032 582 1060; x_wconf 76' lang='lat' dir='ltr'><strong>nocte,</strong></span> <span class='ocrx_word' id='word_1_99' title='bbox 603 1035 647 1053; x_wconf 84' lang='lat' dir='ltr'><strong>se-</strong></span> 
     </span>
     <span class='ocr_line' id='line_1_18' title="bbox 82 1070 545 1105; baseline 0.004 -8"><span class='ocrx_word' id='word_1_100' title='bbox 82 1079 174 1105; x_wconf 82' lang='lat' dir='ltr'><strong>rena3</strong></span> <span class='ocrx_word' id='word_1_101' title='bbox 190 1070 358 1100; x_wconf 86' lang='lat' dir='ltr'><strong>illustravit</strong></span> <span class='ocrx_word' id='word_1_102' title='bbox 373 1072 545 1100; x_wconf 85' lang='lat' dir='ltr'><strong>Burmann.</strong></span> 
     </span>
     <span class='ocr_line' id='line_1_19' title="bbox 130 1115 648 1156; baseline 0.004 -12"><span class='ocrx_word' id='word_1_103' title='bbox 130 1115 274 1150; x_wconf 78' lang='grc'>46-50,</span> <span class='ocrx_word' id='word_1_104' title='bbox 292 1115 410 1146; x_wconf 85' lang='lat' dir='ltr'><strong>Medic.</strong></span> <span class='ocrx_word' id='word_1_105' title='bbox 426 1117 567 1156; x_wconf 91' lang='lat' dir='ltr'><strong>quinque</strong></span> <span class='ocrx_word' id='word_1_106' title='bbox 580 1127 648 1155; x_wconf 88' lang='lat' dir='ltr'><strong>sqq.</strong></span> 
     </span>
     <span class='ocr_line' id='line_1_20' title="bbox 80 1161 650 1202; baseline 0 -12"><span class='ocrx_word' id='word_1_107' title='bbox 80 1171 141 1190; x_wconf 86' lang='lat' dir='ltr'><strong>vss.</strong></span> <span class='ocrx_word' id='word_1_108' title='bbox 165 1161 258 1191; x_wconf 82' lang='lat' dir='ltr'><strong>refert</strong></span> <span class='ocrx_word' id='word_1_109' title='bbox 280 1162 321 1191; x_wconf 89' lang='lat' dir='ltr'><strong>ad</strong></span> <span class='ocrx_word' id='word_1_110' title='bbox 341 1162 511 1202; x_wconf 82' lang='lat' dir='ltr'><strong>Lycidam3</strong></span> <span class='ocrx_word' id='word_1_111' title='bbox 541 1164 650 1192; x_wconf 85' lang='lat' dir='ltr'><strong>Moeris</strong></span> 
     </span>
     <span class='ocr_line' id='line_1_21' title="bbox 81 1206 649 1254; baseline 0.004 -19"><span class='ocrx_word' id='word_1_112' title='bbox 81 1206 121 1236; x_wconf 83' lang='lat' dir='ltr'><strong>ab</strong></span> <span class='ocrx_word' id='word_1_113' title='bbox 134 1207 196 1236; x_wconf 85' lang='lat' dir='ltr'><strong>illis</strong></span> <span class='ocrx_word' id='word_1_114' title='bbox 210 1208 337 1254; x_wconf 70' lang='lat' dir='ltr'><strong>incipit:</strong></span> <span class='ocrx_word' id='word_1_115' title='bbox 362 1208 480 1237; x_wconf 82' lang='lat' dir='ltr'><strong>Omnia</strong></span> <span class='ocrx_word' id='word_1_116' title='bbox 487 1207 557 1249; x_wconf 74' lang='lat' dir='ltr'><strong>sere</strong></span> <span class='ocrx_word' id='word_1_117' title='bbox 569 1216 649 1237; x_wconf 80' lang='lat' dir='ltr'><strong>aetas</strong></span> 
     </span>
     <span class='ocr_line' id='line_1_22' title="bbox 80 1254 648 1294; baseline 0.005 -14"><span class='ocrx_word' id='word_1_118' title='bbox 80 1259 140 1282; x_wconf 83' lang='lat' dir='ltr'><strong>etc.</strong></span> <span class='ocrx_word' id='word_1_119' title='bbox 166 1255 424 1284; x_wconf 84' lang='lat' dir='ltr'><strong>—Persuasione</strong></span> <span class='ocrx_word' id='word_1_120' title='bbox 441 1254 526 1294; x_wconf 84' lang='lat' dir='ltr'><strong>vulgi</strong></span> <span class='ocrx_word' id='word_1_121' title='bbox 543 1277 550 1290; x_wconf 90' lang='lat'>‚</span> <span class='ocrx_word' id='word_1_122' title='bbox 577 1265 648 1294; x_wconf 84' lang='lat' dir='ltr'><strong>quae</strong></span> 
     </span>
     <span class='ocr_line' id='line_1_23' title="bbox 79 1300 648 1340; baseline 0.004 -13"><span class='ocrx_word' id='word_1_123' title='bbox 79 1304 146 1327; x_wconf 87' lang='lat' dir='ltr'><strong>tum</strong></span> <span class='ocrx_word' id='word_1_124' title='bbox 162 1307 244 1336; x_wconf 87' lang='lat' dir='ltr'><strong>erat,</strong></span> <span class='ocrx_word' id='word_1_125' title='bbox 261 1300 381 1330; x_wconf 84' lang='lat' dir='ltr'><strong>stellam</strong></span> <span class='ocrx_word' id='word_1_126' title='bbox 399 1301 543 1330; x_wconf 85' lang='lat' dir='ltr'>crinitam</span> <span class='ocrx_word' id='word_1_127' title='bbox 554 1322 562 1336; x_wconf 91' lang='lat'>‚</span> <span class='ocrx_word' id='word_1_128' title='bbox 578 1311 648 1340; x_wconf 82' lang='lat' dir='ltr'><strong>quae</strong></span> 
     </span>
     <span class='ocr_line' id='line_1_24' title="bbox 78 1345 647 1386; baseline 0.005 -14"><span class='ocrx_word' id='word_1_129' title='bbox 78 1345 160 1373; x_wconf 88' lang='lat' dir='ltr'><strong>iuter</strong></span> <span class='ocrx_word' id='word_1_130' title='bbox 175 1345 268 1375; x_wconf 90' lang='lat' dir='ltr'><strong>ludos</strong></span> <span class='ocrx_word' id='word_1_131' title='bbox 283 1347 324 1376; x_wconf 88' lang='lat' dir='ltr'><strong>D.</strong></span> <span class='ocrx_word' id='word_1_132' title='bbox 342 1348 361 1377; x_wconf 90' lang='lat' dir='ltr'>J</span> <span class='ocrx_word' id='word_1_133' title='bbox 365 1346 430 1376; x_wconf 88' lang='lat' dir='ltr'><strong>ulio</strong></span> <span class='ocrx_word' id='word_1_134' title='bbox 446 1346 485 1375; x_wconf 84' lang='lat' dir='ltr'><strong>ab</strong></span> <span class='ocrx_word' id='word_1_135' title='bbox 500 1347 647 1386; x_wconf 84' lang='lat' dir='ltr'><strong>Augusto</strong></span> 
     </span>
     <span class='ocr_line' id='line_1_25' title="bbox 78 1388 643 1430; baseline 0.005 -12"><span class='ocrx_word' id='word_1_136' title='bbox 78 1388 202 1420; x_wconf 85' lang='lat' dir='ltr'><strong>habitos</strong></span> <span class='ocrx_word' id='word_1_137' title='bbox 225 1399 431 1430; x_wconf 82' lang='lat' dir='ltr'><strong>appamerat,</strong></span> <span class='ocrx_word' id='word_1_138' title='bbox 454 1393 494 1421; x_wconf 93' lang='lat' dir='ltr'><strong>U.</strong></span> <span class='ocrx_word' id='word_1_139' title='bbox 512 1392 552 1422; x_wconf 87' lang='lat' dir='ltr'><strong>C.</strong></span> <span class='ocrx_word' id='word_1_140' title='bbox 581 1402 619 1429; x_wconf 89' lang='lat'><strong>71</strong></span> <span class='ocrx_word' id='word_1_141' title='bbox 631 1402 643 1421; x_wconf 89' lang='lat'>1</span> 
     </span>
     <span class='ocr_line' id='line_1_26' title="bbox 78 1436 648 1478; baseline 0.005 -15"><span class='ocrx_word' id='word_1_142' title='bbox 78 1436 214 1465; x_wconf 72' lang='lat' dir='ltr'><strong>animam</strong></span> <span class='ocrx_word' id='word_1_143' title='bbox 225 1437 352 1466; x_wconf 82' lang='lat' dir='ltr'><strong>Caesaris</strong></span> <span class='ocrx_word' id='word_1_144' title='bbox 363 1439 396 1466; x_wconf 92' lang='lat' dir='ltr'><strong>in</strong></span> <span class='ocrx_word' id='word_1_145' title='bbox 404 1437 518 1466; x_wconf 86' lang='lat' dir='ltr'><strong>coelum</strong></span> <span class='ocrx_word' id='word_1_146' title='bbox 529 1439 648 1478; x_wconf 73' lang='lat' dir='ltr'><strong>recepti</strong></span> 
     </span>
     <span class='ocr_line' id='line_1_27' title="bbox 77 1482 647 1524; baseline 0.004 -14"><span class='ocrx_word' id='word_1_147' title='bbox 77 1491 143 1510; x_wconf 81' lang='lat' dir='ltr'><strong>esse</strong></span> <span class='ocrx_word' id='word_1_148' title='bbox 158 1482 211 1523; x_wconf 80' lang='lat' dir='ltr'><strong>(v,</strong></span> <span class='ocrx_word' id='word_1_149' title='bbox 227 1484 355 1513; x_wconf 86' lang='lat' dir='ltr'><strong>Sueton.</strong></span> <span class='ocrx_word' id='word_1_150' title='bbox 378 1484 455 1513; x_wconf 85' lang='lat' dir='ltr'><strong>Caes.</strong></span> <span class='ocrx_word' id='word_1_151' title='bbox 471 1493 538 1523; x_wconf 89' lang='lat' dir='ltr'><strong>cap.</strong></span> <span class='ocrx_word' id='word_1_152' title='bbox 562 1483 647 1524; x_wconf 86' lang='lat'><strong>88),</strong></span> 
     </span>
     <span class='ocr_line' id='line_1_28' title="bbox 77 1529 646 1568; baseline 0.005 -12"><span class='ocrx_word' id='word_1_153' title='bbox 77 1529 239 1567; x_wconf 84' lang='lat' dir='ltr'><strong>lngeniose</strong></span> <span class='ocrx_word' id='word_1_154' title='bbox 268 1535 359 1568; x_wconf 88' lang='lat' dir='ltr'><strong>poeta</strong></span> <span class='ocrx_word' id='word_1_155' title='bbox 387 1530 430 1558; x_wconf 90' lang='lat' dir='ltr'><strong>ita</strong></span> <span class='ocrx_word' id='word_1_156' title='bbox 460 1530 559 1559; x_wconf 84' lang='lat' dir='ltr'><strong>utitur</strong></span> <span class='ocrx_word' id='word_1_157' title='bbox 573 1552 581 1566; x_wconf 89' lang='lat'><strong>,</strong></span> <span class='ocrx_word' id='word_1_158' title='bbox 611 1537 646 1559; x_wconf 87' lang='lat' dir='ltr'><strong>ut</strong></span> 
     </span>
     <span class='ocr_line' id='line_1_29' title="bbox 77 1573 644 1605; baseline 0.005 -3"><span class='ocrx_word' id='word_1_159' title='bbox 77 1583 149 1602; x_wconf 88' lang='lat' dir='ltr'><strong>eum</strong></span> <span class='ocrx_word' id='word_1_160' title='bbox 161 1574 244 1603; x_wconf 86' lang='lat' dir='ltr'><strong>inter</strong></span> <span class='ocrx_word' id='word_1_161' title='bbox 253 1573 327 1603; x_wconf 86' lang='lat' dir='ltr'><strong>deos</strong></span> <span class='ocrx_word' id='word_1_162' title='bbox 338 1576 419 1604; x_wconf 87' lang='lat' dir='ltr'><strong>ruris</strong></span> <span class='ocrx_word' id='word_1_163' title='bbox 429 1574 561 1604; x_wconf 82' lang='lat' dir='ltr'><strong>relatum</strong></span> <span class='ocrx_word' id='word_1_164' title='bbox 580 1586 644 1605; x_wconf 85' lang='lat' dir='ltr'><strong>esse</strong></span> 
     </span>
     <span class='ocr_line' id='line_1_30' title="bbox 76 1616 642 1660; baseline 0.005 -12"><span class='ocrx_word' id='word_1_165' title='bbox 76 1616 185 1660; x_wconf 77' lang='lat' dir='ltr'><strong>fingat.</strong></span> <span class='ocrx_word' id='word_1_166' title='bbox 204 1620 288 1650; x_wconf 86' lang='lat' dir='ltr'><strong>conf.</strong></span> <span class='ocrx_word' id='word_1_167' title='bbox 312 1620 369 1650; x_wconf 87' lang='lat' dir='ltr'><strong>Ge.</strong></span> <span class='ocrx_word' id='word_1_168' title='bbox 388 1622 418 1657; x_wconf 89' lang='lat' dir='ltr'><strong>I,</strong></span> <span class='ocrx_word' id='word_1_169' title='bbox 447 1621 500 1657; x_wconf 84' lang='lat'><strong>26,</strong></span> <span class='ocrx_word' id='word_1_170' title='bbox 519 1632 572 1659; x_wconf 81' lang='lat'><strong>27,</strong></span> <span class='ocrx_word' id='word_1_171' title='bbox 590 1628 642 1657; x_wconf 76' lang='lat'><strong>42.</strong></span> 
     </span>
     <span class='ocr_line' id='line_1_31' title="bbox 76 1666 645 1708; baseline 0.004 -13"><span class='ocrx_word' id='word_1_172' title='bbox 76 1666 123 1694; x_wconf 85' lang='lat' dir='ltr'><strong>De</strong></span> <span class='ocrx_word' id='word_1_173' title='bbox 133 1676 169 1695; x_wconf 89' lang='lat' dir='ltr'><strong>ea</strong></span> <span class='ocrx_word' id='word_1_174' title='bbox 178 1666 265 1696; x_wconf 86' lang='lat' dir='ltr'><strong>stella</strong></span> <span class='ocrx_word' id='word_1_175' title='bbox 275 1677 305 1696; x_wconf 85' lang='lat' dir='ltr'><strong>v.</strong></span> <span class='ocrx_word' id='word_1_176' title='bbox 317 1666 396 1696; x_wconf 88' lang='lat' dir='ltr'><strong>Plin.</strong></span> <span class='ocrx_word' id='word_1_177' title='bbox 409 1668 450 1704; x_wconf 91' lang='lat' dir='ltr'><strong>II,</strong></span> <span class='ocrx_word' id='word_1_178' title='bbox 463 1677 479 1696; x_wconf 83' lang='lat'>2</span> <span class='ocrx_word' id='word_1_179' title='bbox 487 1668 503 1696; x_wconf 82' lang='lat'>3</span> <span class='ocrx_word' id='word_1_180' title='bbox 514 1690 521 1703; x_wconf 90' lang='lat'><strong>,</strong></span> <span class='ocrx_word' id='word_1_181' title='bbox 533 1668 589 1697; x_wconf 90' lang='lat' dir='ltr'><strong>ubi</strong></span> <span class='ocrx_word' id='word_1_182' title='bbox 599 1669 645 1708; x_wconf 88' lang='lat' dir='ltr'><strong>ip-</strong></span> 
     </span>
     <span class='ocr_line' id='line_1_32' title="bbox 75 1712 643 1753; baseline 0.005 -13"><span class='ocrx_word' id='word_1_183' title='bbox 75 1721 107 1740; x_wconf 89' lang='lat' dir='ltr'><strong>sa</strong></span> <span class='ocrx_word' id='word_1_184' title='bbox 121 1713 257 1753; x_wconf 83' lang='lat' dir='ltr'><strong>Augusti</strong></span> <span class='ocrx_word' id='word_1_185' title='bbox 271 1712 366 1742; x_wconf 87' lang='lat' dir='ltr'><strong>verba</strong></span> <span class='ocrx_word' id='word_1_186' title='bbox 382 1713 539 1752; x_wconf 82' lang='lat' dir='ltr'><strong>adscripta</strong></span> <span class='ocrx_word' id='word_1_187' title='bbox 552 1721 643 1751; x_wconf 83' lang='lat' dir='ltr'><strong>sunt3</strong></span> 
     </span>
     <span class='ocr_line' id='line_1_33' title="bbox 75 1758 646 1797; baseline 0.004 -10"><span class='ocrx_word' id='word_1_188' title='bbox 75 1758 203 1788; x_wconf 90' lang='lat' dir='ltr'><strong>Sueton.</strong></span> <span class='ocrx_word' id='word_1_189' title='bbox 221 1759 298 1789; x_wconf 84' lang='lat' dir='ltr'><strong>Caes.</strong></span> <span class='ocrx_word' id='word_1_190' title='bbox 316 1759 449 1795; x_wconf 81' lang='lat' dir='ltr'><strong>88;Di0</strong></span> <span class='ocrx_word' id='word_1_191' title='bbox 465 1761 562 1796; x_wconf 82' lang='lat' dir='ltr'><strong>XLV,</strong></span> <span class='ocrx_word' id='word_1_192' title='bbox 581 1771 595 1797; x_wconf 90' lang='lat'><strong>7</strong></span> <span class='ocrx_word' id='word_1_193' title='bbox 615 1767 646 1789; x_wconf 83' lang='lat' dir='ltr'><strong>et</strong></span> 
     </span>
     <span class='ocr_line' id='line_1_34' title="bbox 75 1806 642 1844; baseline 0.009 -12"><span class='ocrx_word' id='word_1_194' title='bbox 75 1810 141 1833; x_wconf 88' lang='lat' dir='ltr'><strong>not.</strong></span> <span class='ocrx_word' id='word_1_195' title='bbox 161 1806 278 1834; x_wconf 89' lang='lat' dir='ltr'><strong>Seneca</strong></span> <span class='ocrx_word' id='word_1_196' title='bbox 291 1806 408 1844; x_wconf 84' lang='lat' dir='ltr'><strong>Quaest.</strong></span> <span class='ocrx_word' id='word_1_197' title='bbox 420 1806 491 1836; x_wconf 86' lang='lat' dir='ltr'><strong>Nat.</strong></span> <span class='ocrx_word' id='word_1_198' title='bbox 503 1807 577 1842; x_wconf 89' lang='lat' dir='ltr'><strong>VII,</strong></span> <span class='ocrx_word' id='word_1_199' title='bbox 592 1816 604 1835; x_wconf 89' lang='lat'>1</span> <span class='ocrx_word' id='word_1_200' title='bbox 613 1817 642 1844; x_wconf 87' lang='lat'><strong>7.</strong></span> 
     </span>
     <span class='ocr_line' id='line_1_35' title="bbox 75 1849 644 1887; baseline 0.007 -10"><span class='ocrx_word' id='word_1_201' title='bbox 75 1849 215 1879; x_wconf 83' lang='lat' dir='ltr'><strong>Eandem</strong></span> <span class='ocrx_word' id='word_1_202' title='bbox 230 1861 256 1880; x_wconf 92' lang='lat' dir='ltr'><strong>a.</strong></span> <span class='ocrx_word' id='word_1_203' title='bbox 279 1850 382 1887; x_wconf 87' lang='lat'>1680,</span> <span class='ocrx_word' id='word_1_204' title='bbox 398 1852 512 1880; x_wconf 87' lang='lat' dir='ltr'><strong>iterum</strong></span> <span class='ocrx_word' id='word_1_205' title='bbox 534 1852 568 1882; x_wconf 89' lang='lat' dir='ltr'><strong>in</strong></span> <span class='ocrx_word' id='word_1_206' title='bbox 588 1851 644 1881; x_wconf 91' lang='lat' dir='ltr'><strong>ho-</strong></span> 
     </span>
     <span class='ocr_line' id='line_1_36' title="bbox 74 1895 644 1935; baseline 0.007 -12"><span class='ocrx_word' id='word_1_207' title='bbox 74 1895 196 1924; x_wconf 87' lang='lat' dir='ltr'><strong>minum</strong></span> <span class='ocrx_word' id='word_1_208' title='bbox 205 1902 408 1935; x_wconf 83' lang='lat' dir='ltr'><strong>conspectum</strong></span> <span class='ocrx_word' id='word_1_209' title='bbox 422 1898 542 1926; x_wconf 80' lang='lat' dir='ltr'><strong>venisse</strong></span> <span class='ocrx_word' id='word_1_210' title='bbox 550 1919 558 1934; x_wconf 90' lang='lat'><strong>,</strong></span> <span class='ocrx_word' id='word_1_211' title='bbox 570 1898 644 1927; x_wconf 82' lang='lat' dir='ltr'><strong>Hal-</strong></span> 
     </span>
     <span class='ocr_line' id='line_1_37' title="bbox 73 1941 644 1982; baseline 0.004 -12"><span class='ocrx_word' id='word_1_212' title='bbox 73 1941 168 1977; x_wconf 90' lang='lat' dir='ltr'><strong>leius‚</strong></span> <span class='ocrx_word' id='word_1_213' title='bbox 196 1941 310 1980; x_wconf 87' lang='lat' dir='ltr'><strong>aliique</strong></span> <span class='ocrx_word' id='word_1_214' title='bbox 331 1942 391 1970; x_wconf 86' lang='lat' dir='ltr'><strong>viri</strong></span> <span class='ocrx_word' id='word_1_215' title='bbox 413 1942 501 1971; x_wconf 88' lang='lat' dir='ltr'><strong>docti</strong></span> <span class='ocrx_word' id='word_1_216' title='bbox 524 1944 644 1982; x_wconf 88' lang='lat' dir='ltr'><strong>opinati</strong></span> 
     </span>
     <span class='ocr_line' id='line_1_38' title="bbox 75 1988 646 2017; baseline 0.002 -1"><span class='ocrx_word' id='word_1_217' title='bbox 75 1993 158 2017; x_wconf 89' lang='lat' dir='ltr'><strong>sunt.</strong></span> <span class='ocrx_word' id='word_1_218' title='bbox 186 1988 331 2017; x_wconf 87' lang='lat' dir='ltr'><strong>Ceterum</strong></span> <span class='ocrx_word' id='word_1_219' title='bbox 351 1988 443 2017; x_wconf 86' lang='lat' dir='ltr'><strong>istam</strong></span> <span class='ocrx_word' id='word_1_220' title='bbox 465 1988 585 2017; x_wconf 86' lang='lat' dir='ltr'><strong>stellam</strong></span> <span class='ocrx_word' id='word_1_221' title='bbox 611 1989 646 2017; x_wconf 90' lang='lat' dir='ltr'><strong>in</strong></span> 
     </span>
     <span class='ocr_line' id='line_1_39' title="bbox 75 2034 647 2073; baseline 0.002 -11"><span class='ocrx_word' id='word_1_222' title='bbox 75 2034 178 2062; x_wconf 88' lang='lat' dir='ltr'><strong>numis</strong></span> <span class='ocrx_word' id='word_1_223' title='bbox 209 2034 400 2073; x_wconf 85' lang='lat' dir='ltr'><strong>gemmisque</strong></span> <span class='ocrx_word' id='word_1_224' title='bbox 425 2035 577 2073; x_wconf 85' lang='lat' dir='ltr'><strong>conspici,</strong></span> <span class='ocrx_word' id='word_1_225' title='bbox 592 2044 647 2063; x_wconf 90' lang='lat' dir='ltr'><strong>no-</strong></span> 
     </span>
     <span class='ocr_line' id='line_1_40' title="bbox 75 2078 646 2119; baseline 0 -11"><span class='ocrx_word' id='word_1_226' title='bbox 75 2086 141 2108; x_wconf 87' lang='lat' dir='ltr'><strong>tum</strong></span> <span class='ocrx_word' id='word_1_227' title='bbox 151 2086 206 2109; x_wconf 88' lang='lat' dir='ltr'><strong>est.</strong></span> <span class='ocrx_word' id='word_1_228' title='bbox 219 2078 363 2113; x_wconf 57' lang='lat' dir='ltr'><strong>Dionaei,</strong></span> <span class='ocrx_word' id='word_1_229' title='bbox 376 2079 464 2118; x_wconf 90' lang='lat' dir='ltr'><strong>quod</strong></span> <span class='ocrx_word' id='word_1_230' title='bbox 480 2079 582 2108; x_wconf 82' lang='lat' dir='ltr'><strong>Caesar</strong></span> <span class='ocrx_word' id='word_1_231' title='bbox 595 2090 646 2119; x_wconf 86' lang='lat' dir='ltr'><strong>ge-</strong></span> 
     </span>
     <span class='ocr_line' id='line_1_41' title="bbox 42 2124 647 2166; baseline 0 -12"><span class='ocrx_word' id='word_1_232' title='bbox 42 2158 51 2166; x_wconf 49' lang='lat'><strong>·</strong></span> <span class='ocrx_word' id='word_1_233' title='bbox 75 2135 134 2154; x_wconf 87' lang='lat' dir='ltr'><strong>nus</strong></span> <span class='ocrx_word' id='word_1_234' title='bbox 148 2126 188 2155; x_wconf 84' lang='lat' dir='ltr'><strong>ab</strong></span> <span class='ocrx_word' id='word_1_235' title='bbox 202 2126 287 2162; x_wconf 79' lang='lat' dir='ltr'><strong>Iulo,</strong></span> <span class='ocrx_word' id='word_1_236' title='bbox 305 2124 448 2164; x_wconf 86' lang='lat' dir='ltr'><strong>adeoque</strong></span> <span class='ocrx_word' id='word_1_237' title='bbox 462 2124 602 2154; x_wconf 85' lang='lat' dir='ltr'><strong>Anchisa</strong></span> <span class='ocrx_word' id='word_1_238' title='bbox 617 2132 647 2155; x_wconf 90' lang='lat' dir='ltr'><strong>et</strong></span> 
     </span>
     <span class='ocr_line' id='line_1_42' title="bbox 75 2170 648 2209; baseline 0.002 -8"><span class='ocrx_word' id='word_1_239' title='bbox 75 2172 207 2209; x_wconf 83' lang='lat' dir='ltr'><strong>Venere,</strong></span> <span class='ocrx_word' id='word_1_240' title='bbox 217 2171 331 2201; x_wconf 87' lang='lat' dir='ltr'><strong>ducere</strong></span> <span class='ocrx_word' id='word_1_241' title='bbox 342 2170 539 2209; x_wconf 84' lang='lat' dir='ltr'><strong>credebatur3</strong></span> <span class='ocrx_word' id='word_1_242' title='bbox 550 2179 648 2202; x_wconf 88' lang='lat' dir='ltr'><strong>mater</strong></span> 
     </span>
    </p>
   </div>
   <div class='ocr_carea' id='block_1_4' title="bbox 699 838 1279 2211">
    <p class='ocr_par' dir='ltr' id='par_1_7' title="bbox 699 838 1279 1696">
     <span class='ocr_line' id='line_1_43' title="bbox 706 838 1279 869; baseline -0.005 0"><span class='ocrx_word' id='word_1_243' title='bbox 706 847 809 869; x_wconf 83' lang='lat' dir='ltr'><strong>autem</strong></span> <span class='ocrx_word' id='word_1_244' title='bbox 827 839 958 869; x_wconf 74' lang='lat' dir='ltr'><strong>Veneris</strong></span> <span class='ocrx_word' id='word_1_245' title='bbox 974 838 1089 867; x_wconf 83' lang='lat' dir='ltr'><strong>Dione.</strong></span> <span class='ocrx_word' id='word_1_246' title='bbox 1116 838 1219 867; x_wconf 84' lang='lat' dir='ltr'><em>Iulum</em></span> <span class='ocrx_word' id='word_1_247' title='bbox 1238 838 1279 866; x_wconf 79' lang='lat' dir='ltr'><strong>si·</strong></span> 
     </span>
     <span class='ocr_line' id='line_1_44' title="bbox 705 885 1279 923; baseline -0.005 -8"><span class='ocrx_word' id='word_1_248' title='bbox 705 886 763 915; x_wconf 83' lang='lat' dir='ltr'><strong>dns</strong></span> <span class='ocrx_word' id='word_1_249' title='bbox 782 888 894 916; x_wconf 81' lang='lat' dir='ltr'><strong>Horat.</strong></span> <span class='ocrx_word' id='word_1_250' title='bbox 916 885 977 915; x_wconf 89' lang='lat' dir='ltr'><strong>Od.</strong></span> <span class='ocrx_word' id='word_1_251' title='bbox 1001 885 1032 920; x_wconf 90' lang='grc' dir='ltr'><strong>Ι,</strong></span> <span class='ocrx_word' id='word_1_252' title='bbox 1060 894 1116 919; x_wconf 88' lang='lat'><strong>12,</strong></span> <span class='ocrx_word' id='word_1_253' title='bbox 1142 889 1181 921; x_wconf 77' lang='lat'><strong>47</strong></span> <span class='ocrx_word' id='word_1_254' title='bbox 1204 895 1279 923; x_wconf 83' lang='lat' dir='ltr'><strong>pro-</strong></span> 
     </span>
     <span class='ocr_line' id='line_1_45' title="bbox 706 929 1277 969; baseline -0.005 -8"><span class='ocrx_word' id='word_1_255' title='bbox 706 932 811 969; x_wconf 80' lang='lat' dir='ltr'><strong>cessit,</strong></span> <span class='ocrx_word' id='word_1_256' title='bbox 825 938 893 961; x_wconf 84' lang='lat' dir='ltr'><strong>orta</strong></span> <span class='ocrx_word' id='word_1_257' title='bbox 909 938 954 960; x_wconf 86' lang='lat' dir='ltr'><strong>est</strong></span> <span class='ocrx_word' id='word_1_258' title='bbox 967 930 1065 959; x_wconf 86' lang='lat' dir='ltr'><strong>stella.</strong></span> <span class='ocrx_word' id='word_1_259' title='bbox 1082 929 1148 959; x_wconf 87' lang='lat' dir='ltr'><strong>Ecl.</strong></span> <span class='ocrx_word' id='word_1_260' title='bbox 1159 931 1204 959; x_wconf 78' lang='lat' dir='ltr'><strong>VI</strong></span> <span class='ocrx_word' id='word_1_261' title='bbox 1214 952 1222 967; x_wconf 87' lang='lat'><strong>,</strong></span> <span class='ocrx_word' id='word_1_262' title='bbox 1235 930 1277 959; x_wconf 85' lang='lat'><strong>86</strong></span> 
     </span>
     <span class='ocr_line' id='line_1_46' title="bbox 706 973 1274 1016; baseline -0.002 -10"><span class='ocrx_word' id='word_1_263' title='bbox 706 977 803 1006; x_wconf 67' lang='lat' dir='ltr'><strong>inuito</strong></span> <span class='ocrx_word' id='word_1_264' title='bbox 816 976 971 1016; x_wconf 78' lang='lat' dir='ltr'><strong>processit</strong></span> <span class='ocrx_word' id='word_1_265' title='bbox 994 973 1112 1015; x_wconf 81' lang='lat' dir='ltr'><strong>Ves&#39;per</strong></span> <span class='ocrx_word' id='word_1_266' title='bbox 1128 975 1274 1014; x_wconf 73' lang='lat' dir='ltr'><strong>Olympo.</strong></span> 
     </span>
     <span class='ocr_line' id='line_1_47' title="bbox 703 1020 1278 1061; baseline -0.003 -8"><span class='ocrx_word' id='word_1_267' title='bbox 703 1024 781 1053; x_wconf 75' lang='lat' dir='ltr'><strong>Alio</strong></span> <span class='ocrx_word' id='word_1_268' title='bbox 792 1023 887 1052; x_wconf 86' lang='lat' dir='ltr'><strong>modo</strong></span> <span class='ocrx_word' id='word_1_269' title='bbox 898 1032 1020 1052; x_wconf 81' lang='lat' dir='ltr'><strong>menses</strong></span> <span class='ocrx_word' id='word_1_270' title='bbox 1024 1020 1203 1061; x_wconf 79' lang='lat' dir='ltr'><strong>procedunt</strong></span> <span class='ocrx_word' id='word_1_271' title='bbox 1210 1022 1278 1051; x_wconf 86' lang='lat' dir='ltr'><strong>Ecl.</strong></span> 
     </span>
     <span class='ocr_line' id='line_1_48' title="bbox 704 1067 1276 1105; baseline -0.003 -6"><span class='ocrx_word' id='word_1_272' title='bbox 704 1071 760 1105; x_wconf 88' lang='lat' dir='ltr'><strong>IV,</strong></span> <span class='ocrx_word' id='word_1_273' title='bbox 790 1080 840 1099; x_wconf 86' lang='lat'><strong>12.</strong></span> <span class='ocrx_word' id='word_1_274' title='bbox 864 1069 1007 1098; x_wconf 81' lang='lat' dir='ltr'><strong>Laudant</strong></span> <span class='ocrx_word' id='word_1_275' title='bbox 1029 1069 1158 1097; x_wconf 88' lang='lat' dir='ltr'><strong>Homer.</strong></span> <span class='ocrx_word' id='word_1_276' title='bbox 1183 1067 1276 1097; x_wconf 84' lang='lat' dir='ltr'><strong>Iliad.</strong></span> 
     </span>
     <span class='ocr_line' id='line_1_49' title="bbox 705 1110 1274 1156; baseline -0.004 -12"><span class='ocrx_word' id='word_1_277' title='bbox 705 1125 724 1144; x_wconf 75' lang='grc' dir='ltr'>κ</span> <span class='ocrx_word' id='word_1_278' title='bbox 737 1137 745 1151; x_wconf 86' lang='grc'>,</span> <span class='ocrx_word' id='word_1_279' title='bbox 762 1116 824 1144; x_wconf 81' lang='lat'><strong>252</strong></span> <span class='ocrx_word' id='word_1_280' title='bbox 846 1112 946 1156; x_wconf 73' lang='grc' dir='ltr'>ἄστρα.</span> <span class='ocrx_word' id='word_1_281' title='bbox 965 1110 999 1143; x_wconf 72' lang='grc' dir='ltr'><strong>δὲ</strong></span> <span class='ocrx_word' id='word_1_282' title='bbox 1017 1110 1057 1145; x_wconf 70' lang='grc' dir='ltr'><strong>δὴ</strong></span> <span class='ocrx_word' id='word_1_283' title='bbox 1077 1110 1274 1154; x_wconf 71' lang='grc' dir='ltr'>προβέβηκε,</span> 
     </span>
     <span class='ocr_line' id='line_1_50' title="bbox 705 1159 1274 1196; baseline -0.005 -6"><span class='ocrx_word' id='word_1_284' title='bbox 705 1172 815 1190; x_wconf 83' lang='lat' dir='ltr'><strong>verum</strong></span> <span class='ocrx_word' id='word_1_285' title='bbox 830 1160 882 1190; x_wconf 89' lang='lat' dir='ltr'><strong>hic</strong></span> <span class='ocrx_word' id='word_1_286' title='bbox 898 1161 960 1190; x_wconf 84' lang='lat' dir='ltr'><strong>alio</strong></span> <span class='ocrx_word' id='word_1_287' title='bbox 974 1159 1068 1189; x_wconf 90' lang='lat' dir='ltr'><strong>modo</strong></span> <span class='ocrx_word' id='word_1_288' title='bbox 1085 1159 1205 1188; x_wconf 85' lang='lat' dir='ltr'><strong>dictum</strong></span> <span class='ocrx_word' id='word_1_289' title='bbox 1219 1164 1274 1196; x_wconf 85' lang='lat' dir='ltr'><strong>est,</strong></span> 
     </span>
     <span class='ocr_line' id='line_1_51' title="bbox 703 1208 1275 1247; baseline -0.005 -11"><span class='ocrx_word' id='word_1_290' title='bbox 703 1214 734 1236; x_wconf 87' lang='lat' dir='ltr'><strong>et</strong></span> <span class='ocrx_word' id='word_1_291' title='bbox 756 1208 889 1247; x_wconf 80' lang='lat' dir='ltr'><strong>petitum</strong></span> <span class='ocrx_word' id='word_1_292' title='bbox 905 1217 921 1235; x_wconf 84' lang='lat' dir='ltr'><strong>a</strong></span> <span class='ocrx_word' id='word_1_293' title='bbox 941 1213 1030 1235; x_wconf 84' lang='lat' dir='ltr'><strong>motu</strong></span> <span class='ocrx_word' id='word_1_294' title='bbox 1050 1211 1081 1234; x_wconf 90' lang='lat' dir='ltr'><strong>et</strong></span> <span class='ocrx_word' id='word_1_295' title='bbox 1107 1215 1275 1244; x_wconf 85' lang='lat' dir='ltr'><strong>progressu</strong></span> 
     </span>
     <span class='ocr_line' id='line_1_52' title="bbox 702 1252 1275 1290; baseline -0.002 -9"><span class='ocrx_word' id='word_1_296' title='bbox 702 1253 841 1283; x_wconf 84' lang='lat' dir='ltr'><strong>siderum</strong></span> <span class='ocrx_word' id='word_1_297' title='bbox 858 1253 898 1282; x_wconf 87' lang='lat' dir='ltr'><strong>ad</strong></span> <span class='ocrx_word' id='word_1_298' title='bbox 913 1262 1061 1281; x_wconf 84' lang='lat' dir='ltr'><strong>occasum</strong></span> <span class='ocrx_word' id='word_1_299' title='bbox 1077 1252 1275 1290; x_wconf 83' lang='lat' dir='ltr'><strong>vergentium</strong></span> 
     </span>
     <span class='ocr_line' id='line_1_53' title="bbox 703 1296 1273 1329; baseline -0.002 -2"><span class='ocrx_word' id='word_1_300' title='bbox 703 1300 743 1328; x_wconf 90' lang='lat' dir='ltr'><strong>ad</strong></span> <span class='ocrx_word' id='word_1_301' title='bbox 757 1299 922 1329; x_wconf 87' lang='lat' dir='ltr'><strong>oculorum</strong></span> <span class='ocrx_word' id='word_1_302' title='bbox 932 1307 1056 1327; x_wconf 85' lang='lat' dir='ltr'><strong>sensum</strong></span> <span class='ocrx_word' id='word_1_303' title='bbox 1072 1303 1191 1325; x_wconf 85' lang='lat' dir='ltr'><strong>notato.</strong></span> <span class='ocrx_word' id='word_1_304' title='bbox 1207 1296 1273 1326; x_wconf 86' lang='lat' dir='ltr'><strong>vid.</strong></span> 
     </span>
     <span class='ocr_line' id='line_1_54' title="bbox 703 1342 1275 1378; baseline -0.003 -4"><span class='ocrx_word' id='word_1_305' title='bbox 703 1347 834 1374; x_wconf 82' lang='lat' dir='ltr'><strong>Excurs.</strong></span> <span class='ocrx_word' id='word_1_306' title='bbox 845 1346 874 1373; x_wconf 95' lang='lat' dir='ltr'><strong>II</strong></span> <span class='ocrx_word' id='word_1_307' title='bbox 882 1344 922 1373; x_wconf 90' lang='lat' dir='ltr'><strong>ad</strong></span> <span class='ocrx_word' id='word_1_308' title='bbox 932 1344 986 1373; x_wconf 82' lang='lat' dir='ltr'><strong>lib.</strong></span> <span class='ocrx_word' id='word_1_309' title='bbox 996 1344 1027 1371; x_wconf 94' lang='lat' dir='ltr'><strong>II</strong></span> <span class='ocrx_word' id='word_1_310' title='bbox 1035 1345 1104 1372; x_wconf 84' lang='lat' dir='ltr'><strong>AEn.</strong></span> <span class='ocrx_word' id='word_1_311' title='bbox 1115 1342 1189 1378; x_wconf 88' lang='lat' dir='ltr'><strong>Ejus</strong></span> <span class='ocrx_word' id='word_1_312' title='bbox 1200 1352 1275 1372; x_wconf 87' lang='lat' dir='ltr'><strong>vero</strong></span> 
     </span>
     <span class='ocr_line' id='line_1_55' title="bbox 702 1388 1274 1427; baseline -0.007 -7"><span class='ocrx_word' id='word_1_313' title='bbox 702 1391 798 1420; x_wconf 85' lang='lat' dir='ltr'><strong>stellae</strong></span> <span class='ocrx_word' id='word_1_314' title='bbox 815 1397 902 1420; x_wconf 87' lang='lat' dir='ltr'><strong>ortus</strong></span> <span class='ocrx_word' id='word_1_315' title='bbox 918 1390 1040 1419; x_wconf 90' lang='lat' dir='ltr'><strong>bonum</strong></span> <span class='ocrx_word' id='word_1_316' title='bbox 1059 1388 1186 1427; x_wconf 88' lang='lat' dir='ltr'><strong>frugum</strong></span> <span class='ocrx_word' id='word_1_317' title='bbox 1202 1398 1274 1427; x_wconf 91' lang='lat' dir='ltr'><strong>pro-</strong></span> 
     </span>
     <span class='ocr_line' id='line_1_56' title="bbox 702 1432 1274 1466; baseline -0.009 0"><span class='ocrx_word' id='word_1_318' title='bbox 702 1443 833 1466; x_wconf 84' lang='lat' dir='ltr'><strong>ventum</strong></span> <span class='ocrx_word' id='word_1_319' title='bbox 848 1436 983 1466; x_wconf 85' lang='lat' dir='ltr'><strong>ominari</strong></span> <span class='ocrx_word' id='word_1_320' title='bbox 1000 1441 1031 1465; x_wconf 84' lang='lat' dir='ltr'><strong>et</strong></span> <span class='ocrx_word' id='word_1_321' title='bbox 1045 1441 1201 1463; x_wconf 85' lang='lat' dir='ltr'><strong>maturare</strong></span> <span class='ocrx_word' id='word_1_322' title='bbox 1215 1432 1274 1462; x_wconf 86' lang='lat' dir='ltr'><strong>fin—</strong></span> 
     </span>
     <span class='ocr_line' id='line_1_57' title="bbox 701 1480 1275 1523; baseline -0.005 -12"><span class='ocrx_word' id='word_1_323' title='bbox 701 1485 795 1523; x_wconf 85' lang='lat' dir='ltr'><strong>gitur.</strong></span> <span class='ocrx_word' id='word_1_324' title='bbox 820 1484 945 1519; x_wconf 81' lang='lat' dir='ltr'><strong>Insere,</strong></span> <span class='ocrx_word' id='word_1_325' title='bbox 964 1491 1019 1511; x_wconf 89' lang='lat' dir='ltr'><strong>seu</strong></span> <span class='ocrx_word' id='word_1_326' title='bbox 1043 1480 1170 1519; x_wconf 87' lang='lat' dir='ltr'><strong>proprie</strong></span> <span class='ocrx_word' id='word_1_327' title='bbox 1185 1501 1193 1514; x_wconf 94' lang='lat'>‚</span> <span class='ocrx_word' id='word_1_328' title='bbox 1220 1489 1275 1509; x_wconf 90' lang='lat' dir='ltr'><strong>seu</strong></span> 
     </span>
     <span class='ocr_line' id='line_1_58' title="bbox 701 1525 1274 1568; baseline -0.01 -10"><span class='ocrx_word' id='word_1_329' title='bbox 701 1530 831 1558; x_wconf 89' lang='lat' dir='ltr'><strong>omnino</strong></span> <span class='ocrx_word' id='word_1_330' title='bbox 842 1551 850 1565; x_wconf 92' lang='lat'><strong>,</strong></span> <span class='ocrx_word' id='word_1_331' title='bbox 876 1528 983 1568; x_wconf 89' lang='lat' dir='ltr'><strong>planta</strong></span> <span class='ocrx_word' id='word_1_332' title='bbox 1000 1536 1007 1557; x_wconf 86' lang='lat'>:</span> <span class='ocrx_word' id='word_1_333' title='bbox 1026 1526 1066 1555; x_wconf 88' lang='lat' dir='ltr'><strong>cf.</strong></span> <span class='ocrx_word' id='word_1_334' title='bbox 1082 1525 1211 1554; x_wconf 86' lang='lat' dir='ltr'><strong>Martin.</strong></span> <span class='ocrx_word' id='word_1_335' title='bbox 1228 1541 1274 1546; x_wconf 92' lang='lat'><strong>—</strong></span> 
     </span>
     <span class='ocr_line' id='line_1_59' title="bbox 701 1570 1271 1614; baseline -0.011 -9"><span class='ocrx_word' id='word_1_336' title='bbox 701 1581 754 1614; x_wconf 77' lang='lat'><strong>49.</strong></span> <span class='ocrx_word' id='word_1_337' title='bbox 774 1575 808 1603; x_wconf 33' lang='lat' dir='ltr'><strong>*A</strong></span> <span class='ocrx_word' id='word_1_338' title='bbox 824 1573 937 1614; x_wconf 78' lang='lat' dir='ltr'><strong>priscis</strong></span> <span class='ocrx_word' id='word_1_339' title='bbox 958 1570 1176 1602; x_wconf 84' lang='lat' dir='ltr'><strong>Zulich.-—in</strong></span> <span class='ocrx_word' id='word_1_340' title='bbox 1197 1570 1271 1599; x_wconf 76' lang='lat' dir='ltr'><strong>val-</strong></span> 
     </span>
     <span class='ocr_line' id='line_1_60' title="bbox 699 1616 1269 1661; baseline -0.005 -12"><span class='ocrx_word' id='word_1_341' title='bbox 699 1620 779 1649; x_wconf 80' lang='lat' dir='ltr'><strong>libus</strong></span> <span class='ocrx_word' id='word_1_342' title='bbox 800 1620 886 1661; x_wconf 86' lang='lat' dir='ltr'><strong>apud</strong></span> <span class='ocrx_word' id='word_1_343' title='bbox 914 1621 998 1651; x_wconf 87' lang='lat' dir='ltr'><strong>Non.</strong></span> <span class='ocrx_word' id='word_1_344' title='bbox 1022 1617 1153 1648; x_wconf 81' lang='lat' dir='ltr'><strong>Marcel.</strong></span> <span class='ocrx_word' id='word_1_345' title='bbox 1178 1616 1214 1647; x_wconf 92' lang='lat' dir='ltr'><strong>in</strong></span> <span class='ocrx_word' id='word_1_346' title='bbox 1239 1627 1269 1646; x_wconf 72' lang='lat' dir='ltr'><strong>V.</strong></span> 
     </span>
     <span class='ocr_line' id='line_1_61' title="bbox 705 1667 829 1696; baseline 0.008 -1"><span class='ocrx_word' id='word_1_347' title='bbox 705 1667 829 1696; x_wconf 80' lang='lat' dir='ltr'><strong>ducere.</strong></span> 
     </span>
    </p>

    <p class='ocr_par' dir='ltr' id='par_1_8' title="bbox 699 1708 1275 2211">
     <span class='ocr_line' id='line_1_62' title="bbox 748 1708 1272 1752; baseline -0.011 -9"><span class='ocrx_word' id='word_1_348' title='bbox 748 1713 801 1743; x_wconf 81' lang='lat'><strong>51.</strong></span> <span class='ocrx_word' id='word_1_349' title='bbox 840 1711 958 1741; x_wconf 83' lang='lat' dir='ltr'><strong>Omnia</strong></span> <span class='ocrx_word' id='word_1_350' title='bbox 983 1711 1053 1752; x_wconf 66' lang='lat' dir='ltr'><strong>fert</strong></span> <span class='ocrx_word' id='word_1_351' title='bbox 1076 1709 1155 1740; x_wconf 73' lang='lat' dir='ltr'><strong>cetcis</strong></span> <span class='ocrx_word' id='word_1_352' title='bbox 1166 1730 1173 1744; x_wconf 92' lang='lat'><strong>,</strong></span> <span class='ocrx_word' id='word_1_353' title='bbox 1203 1708 1272 1738; x_wconf 77' lang='lat' dir='ltr'><strong>ani-</strong></span> 
     </span>
     <span class='ocr_line' id='line_1_63' title="bbox 701 1753 1273 1798; baseline -0.009 -10"><span class='ocrx_word' id='word_1_354' title='bbox 701 1770 786 1788; x_wconf 74' lang='lat' dir='ltr'><strong>mum</strong></span> <span class='ocrx_word' id='word_1_355' title='bbox 801 1769 936 1798; x_wconf 80' lang='lat' dir='ltr'><strong>quoque.</strong></span> <span class='ocrx_word' id='word_1_356' title='bbox 953 1757 1108 1787; x_wconf 83' lang='lat' dir='ltr'><strong>Memoria</strong></span> <span class='ocrx_word' id='word_1_357' title='bbox 1122 1753 1273 1784; x_wconf 89' lang='lat' dir='ltr'><strong>deficien-</strong></span> 
     </span>
     <span class='ocr_line' id='line_1_64' title="bbox 699 1802 1275 1843; baseline -0.012 -8"><span class='ocrx_word' id='word_1_358' title='bbox 699 1812 740 1843; x_wconf 87' lang='lat' dir='ltr'><strong>te,</strong></span> <span class='ocrx_word' id='word_1_359' title='bbox 751 1806 868 1835; x_wconf 88' lang='lat' dir='ltr'><strong>Moerin</strong></span> <span class='ocrx_word' id='word_1_360' title='bbox 882 1804 987 1833; x_wconf 85' lang='lat' dir='ltr'><strong>subito</strong></span> <span class='ocrx_word' id='word_1_361' title='bbox 998 1802 1168 1831; x_wconf 73' lang='lat' dir='ltr'><strong>obticuisse</strong></span> <span class='ocrx_word' id='word_1_362' title='bbox 1176 1822 1185 1836; x_wconf 88' lang='lat'><strong>,</strong></span> <span class='ocrx_word' id='word_1_363' title='bbox 1197 1810 1257 1829; x_wconf 90' lang='lat' dir='ltr'><strong>nec</strong></span> <span class='ocrx_word' id='word_1_364' title='bbox 1266 1823 1275 1837; x_wconf 87' lang='lat'>‚</span> 
     </span>
     <span class='ocr_line' id='line_1_65' title="bbox 699 1847 1275 1891; baseline -0.009 -10"><span class='ocrx_word' id='word_1_365' title='bbox 699 1851 786 1891; x_wconf 89' lang='lat' dir='ltr'><strong>quod</strong></span> <span class='ocrx_word' id='word_1_366' title='bbox 803 1856 956 1890; x_wconf 84' lang='lat' dir='ltr'><strong>coeperat,</strong></span> <span class='ocrx_word' id='word_1_367' title='bbox 982 1847 1111 1887; x_wconf 84' lang='lat' dir='ltr'><strong>implere</strong></span> <span class='ocrx_word' id='word_1_368' title='bbox 1133 1847 1275 1886; x_wconf 82' lang='lat' dir='ltr'><strong>potuisse</strong></span> 
     </span>
     <span class='ocr_line' id='line_1_66' title="bbox 699 1892 1274 1937; baseline -0.007 -10"><span class='ocrx_word' id='word_1_369' title='bbox 699 1904 775 1937; x_wconf 85' lang='lat' dir='ltr'><strong>puta</strong></span> <span class='ocrx_word' id='word_1_370' title='bbox 790 1907 796 1926; x_wconf 93' lang='lat'>:</span> <span class='ocrx_word' id='word_1_371' title='bbox 815 1896 904 1925; x_wconf 86' lang='lat' dir='ltr'><strong>addit</strong></span> <span class='ocrx_word' id='word_1_372' title='bbox 918 1896 1023 1933; x_wconf 82' lang='lat' dir='ltr'><strong>itaque</strong></span> <span class='ocrx_word' id='word_1_373' title='bbox 1043 1903 1115 1921; x_wconf 89' lang='lat' dir='ltr'><strong>cum</strong></span> <span class='ocrx_word' id='word_1_374' title='bbox 1136 1892 1250 1922; x_wconf 88' lang='lat' dir='ltr'><strong>dolore</strong></span> <span class='ocrx_word' id='word_1_375' title='bbox 1267 1902 1274 1923; x_wconf 87' lang='lat'>:</span> 
     </span>
     <span class='ocr_line' id='line_1_67' title="bbox 699 1939 1273 1979; baseline -0.009 -8"><span class='ocrx_word' id='word_1_376' title='bbox 699 1943 814 1972; x_wconf 88' lang='lat' dir='ltr'><strong>Omnia</strong></span> <span class='ocrx_word' id='word_1_377' title='bbox 825 1941 936 1975; x_wconf 86' lang='lat' dir='ltr'><strong>aufert,</strong></span> <span class='ocrx_word' id='word_1_378' title='bbox 951 1940 1054 1979; x_wconf 82' lang='lat' dir='ltr'><strong>eripit,</strong></span> <span class='ocrx_word' id='word_1_379' title='bbox 1070 1939 1176 1967; x_wconf 84' lang='lat' dir='ltr'><strong>atterit</strong></span> <span class='ocrx_word' id='word_1_380' title='bbox 1189 1945 1273 1975; x_wconf 87' lang='lat' dir='ltr'><strong>aetas,</strong></span> 
     </span>
     <span class='ocr_line' id='line_1_68' title="bbox 700 1984 1272 2021; baseline -0.007 -5"><span class='ocrx_word' id='word_1_381' title='bbox 700 1989 793 2016; x_wconf 89' lang='lat' dir='ltr'><strong>etiam</strong></span> <span class='ocrx_word' id='word_1_382' title='bbox 821 1987 918 2015; x_wconf 85' lang='lat' dir='ltr'><strong>animi</strong></span> <span class='ocrx_word' id='word_1_383' title='bbox 948 1986 1029 2014; x_wconf 82' lang='lat' dir='ltr'><strong>vires</strong></span> <span class='ocrx_word' id='word_1_384' title='bbox 1042 2007 1049 2021; x_wconf 89' lang='lat'><strong>,</strong></span> <span class='ocrx_word' id='word_1_385' title='bbox 1078 1984 1272 2015; x_wconf 83' lang='lat' dir='ltr'><strong>memoriam.</strong></span> 
     </span>
     <span class='ocr_line' id='line_1_69' title="bbox 700 2031 1275 2073; baseline -0.002 -12"><span class='ocrx_word' id='word_1_386' title='bbox 700 2034 800 2073; x_wconf 87' lang='lat' dir='ltr'><strong>Atqui</strong></span> <span class='ocrx_word' id='word_1_387' title='bbox 819 2042 900 2072; x_wconf 77' lang='lat' dir='ltr'><strong>saepe</strong></span> <span class='ocrx_word' id='word_1_388' title='bbox 923 2041 981 2071; x_wconf 78' lang='lat' dir='ltr'><strong>ego</strong></span> <span class='ocrx_word' id='word_1_389' title='bbox 1004 2041 1069 2067; x_wconf 85' lang='lat' dir='ltr'><strong>me,</strong></span> <span class='ocrx_word' id='word_1_390' title='bbox 1097 2031 1173 2060; x_wconf 90' lang='lat' dir='ltr'><strong>dum</strong></span> <span class='ocrx_word' id='word_1_391' title='bbox 1196 2040 1275 2070; x_wconf 86' lang='lat' dir='ltr'><strong>puer</strong></span> 
     </span>
     <span class='ocr_line' id='line_1_70' title="bbox 701 2076 1274 2115; baseline -0.005 -7"><span class='ocrx_word' id='word_1_392' title='bbox 701 2090 813 2115; x_wconf 82' lang='lat' dir='ltr'><strong>essem,</strong></span> <span class='ocrx_word' id='word_1_393' title='bbox 841 2077 986 2114; x_wconf 83' lang='lat' dir='ltr'><strong>memini,</strong></span> <span class='ocrx_word' id='word_1_394' title='bbox 1013 2084 1094 2106; x_wconf 86' lang='lat' dir='ltr'><strong>totos</strong></span> <span class='ocrx_word' id='word_1_395' title='bbox 1111 2076 1177 2107; x_wconf 85' lang='lat' dir='ltr'><strong>dies</strong></span> <span class='ocrx_word' id='word_1_396' title='bbox 1195 2078 1274 2106; x_wconf 82' lang='lat' dir='ltr'><strong>aesti-</strong></span> 
     </span>
     <span class='ocr_line' id='line_1_71' title="bbox 701 2124 1275 2163; baseline -0.003 -9"><span class='ocrx_word' id='word_1_397' title='bbox 701 2136 757 2154; x_wconf 86' lang='lat' dir='ltr'><strong>vos</strong></span> <span class='ocrx_word' id='word_1_398' title='bbox 774 2124 932 2154; x_wconf 84' lang='lat' dir='ltr'><strong>cantando</strong></span> <span class='ocrx_word' id='word_1_399' title='bbox 946 2124 1091 2163; x_wconf 77' lang='lat' dir='ltr'><strong>exigere;</strong></span> <span class='ocrx_word' id='word_1_400' title='bbox 1120 2133 1207 2153; x_wconf 87' lang='lat' dir='ltr'><strong>nunc</strong></span> <span class='ocrx_word' id='word_1_401' title='bbox 1227 2129 1275 2152; x_wconf 84' lang='lat' dir='ltr'><strong>tot</strong></span> 
     </span>
     <span class='ocr_line' id='line_1_72' title="bbox 702 2169 1275 2211; baseline -0.002 -10"><span class='ocrx_word' id='word_1_402' title='bbox 702 2172 878 2202; x_wconf 87' lang='lat' dir='ltr'><strong>carminum</strong></span> <span class='ocrx_word' id='word_1_403' title='bbox 888 2169 1006 2201; x_wconf 79' lang='lat' dir='ltr'><strong>oblitus</strong></span> <span class='ocrx_word' id='word_1_404' title='bbox 1016 2180 1096 2206; x_wconf 86' lang='lat' dir='ltr'><strong>sum,</strong></span> <span class='ocrx_word' id='word_1_405' title='bbox 1106 2169 1173 2211; x_wconf 85' lang='lat' dir='ltr'><strong>ipsa</strong></span> <span class='ocrx_word' id='word_1_406' title='bbox 1182 2169 1275 2201; x_wconf 71' lang='lat' dir='ltr'><strong>etjam</strong></span> 
     </span>
    </p>
   </div>
  </div>
 </body>
</html>
