1408 2428
548 79 715 108 ECLOGA
742 83 765 109 V
774 83 795 109 l.

76 136 260 185 Incipiam
276 136 510 184 silvae'quum
527 136 691 184 primum
711 150 882 186 sui-gere,
904 150 1099 188 quumque·

76 198 175 232 Rara
195 207 261 244 per
281 194 427 243 ignotos
447 203 573 230 errent
589 195 763 231 animalia
784 197 929 233 montis.
1240 214 1269 233 ,ιω

75 254 174 291 Hinc
189 253 330 303 lapides
346 253 500 302 Pyrrhae
512 254 651 304 jactos,
674 256 850 291 Saturnia
870 270 1002 306 regna,

77 315 349 364 Caucasiasque
366 314 481 351 refert
497 315 688 361 volucres,
707 316 924 365 furtumque
940 319 1164 355 Promethei.

79 375 146 411 His
163 374 349 424 adjungit,
365 374 489 423 Hylan
504 382 628 410 nautae
646 387 720 424 quo
739 375 840 411 sonte
856 376 1026 413 relietum

80 432 324 480 clamassent,
344 442 385 470 ut
401 433 508 479 litus,
529 434 643 483 Hyla,
663 435 779 483 Hyla,
797 447 906 471 omne
923 445 1090 482 sonaret;

82 496 127 529 Et
144 493 389 538 fortunatam,
407 493 438 529 si
454 506 645 542 nunquam
663 502 831 530 armenta
851 495 1022 541 fuissent,
1250 508 1274 531 υ»

82 551 289 601 Pasiphaen
309 552 410 588 nivei
427 553 570 589 solatur
588 565 716 590 amore
729 553 892 603 juvenci.

84 611 161 658 Ah,
181 612 288 662 virgo
308 612 456 658 infelix,
478 626 561 663 quae
581 621 617 650 te
636 613 821 650 dementia
839 614 954 663 c‹·pit'

85 730 134 748 aer
144 719 217 749 facit
225 721 477 761 atmosphaeram3
489 723 574 753 unde
581 734 656 753 mox

85 766 200 793 iterum
222 766 339 805 pluviae
358 768 394 796 in
415 774 510 796 terras
528 768 655 797 descen-

87 811 206 840 derent.
229 828 274 834 ——
292 812 343 851 39.
372 812 537 851 Incipiam
560 813 654 842 silva:

89 858 170 886 Cum
197 858 335 896 primum
369 857 454 886 silvae
482 859 658 897 inciperent

91 903 193 931 enasci
208 912 281 930 cum
297 903 518 933 animantibus,
533 905 658 933 Montes

93 949 226 985 ignotos,
242 948 276 976 in
297 947 413 986 quibus
432 955 501 977 tum
521 951 659 988 primum

95 995 165 1023 ferae
179 992 482 1034 vagabantur.—40.
494 997 557 1023 Per
568 995 659 1036 igna-

97 1050 146 1068 ros
175 1047 297 1069 montes
318 1041 410 1069 Rom.
435 1041 546 1078 Pierii,
560 1048 589 1070 et
610 1041 659 1072 ed.

97 1088 176 1115 Ven.
188 1086 249 1123 jam
270 1086 379 1123 citata;
396 1086 483 1126 quod
501 1097 660 1117 cominen-

97 1131 167 1168 dat,
192 1138 223 1160 et
243 1132 362 1172 passive
378 1142 436 1172 pro
461 1132 585 1173 ignotus
600 1133 663 1163 diei

98 1177 233 1207 ostendit
248 1179 355 1208 Heius.

145 1230 198 1258 41.
224 1225 398 1253 Hominum
426 1226 578 1266 originem
601 1227 664 1263 jam

97 1279 255 1309 exponere
268 1269 418 1307 debebat3
434 1271 488 1300 sed
499 1294 507 1308 ‚
524 1279 554 1301 et
569 1273 667 1312 poeti-

98 1325 166 1344 cam
179 1322 332 1345 rationem
342 1323 373 1346 et
382 1319 666 1348 vetustissimorum

97 1360 359 1402 philosophorum
372 1374 492 1392 morem
503 1370 665 1402 sequutus,

99 1405 211 1435 fabulis
227 1418 293 1436 eam
317 1409 492 1437 involutam
512 1410 644 1448 exponit
658 1421 666 1446 ;

98 1462 174 1490 quas
197 1454 253 1492 qui
282 1454 417 1493 singulas
443 1454 513 1482 vult
537 1465 668 1494 cognos-

99 1508 168 1526 cere
179 1520 187 1533 ,
200 1497 287 1528 adeat
300 1499 458 1529 Nasonem
472 1499 586 1529 aliosve
601 1511 667 1541 my-

100 1543 243 1584 thologos
259 1567 267 1580 ‚
305 1545 397 1574 etiam
421 1545 665 1585 Apollodorum.

101 1589 260 1619 Delectare
281 1601 377 1629 porro
392 1593 570 1620 narratione.
588 1602 665 1630 pue-

101 1645 150 1664 ros
164 1642 194 1665 et
207 1636 343 1675 puellam
358 1637 467 1675 AEglen
480 1637 664 1667 instituerat.

101 1681 231 1710 Saturni
237 1691 367 1722 regnum
382 1681 420 1710 ad
428 1681 588 1711 diversum
602 1694 668 1723 my-

100 1725 228 1756 thorum
246 1738 343 1768 genus
364 1727 584 1768 diversumque
598 1740 666 1769 my-

100 1772 227 1802 thornm
251 1772 394 1803 ordinem
416 1780 533 1814 spectat
548 1797 556 1810 ‚
579 1782 615 1804 ut
638 1782 668 1804 et

100 1818 275 1849 subductus
291 1829 307 1848 a
324 1819 510 1850 Prometheo
524 1826 554 1849 et
565 1820 667 1850 homi-

101 1863 194 1894 nibus
214 1866 391 1905 impertitus
412 1867 511 1907 ignis-3
530 1873 666 1906 suntque

100 1908 167 1938 haec
194 1909 314 1940 diluvio
344 1912 558 1941 Deucah'oneo
580 1919 665 1942 ante-

102 1956 200 1985 riora:
211 1955 264 1985 sed
272 1956 307 1986 in.
315 1957 370 1987 tali
378 1959 610 1987 enumeratione
619 1968 667 1987 or·

102 2000 206 2030 dinem
221 2008 397 2042 temporum
410 2014 531 2033 servare
541 2014 607 2033 non
616 2014 666 2033 ne-

103 2056 185 2076 cesse
197 2054 272 2077 erat.
286 2065 331 2070 ——
346 2055 398 2084 42.
415 2048 665 2089 Caucasiasque,-

102 2094 145 2122 sic
155 2094 337 2124 vetus-fiores
346 2096 427 2125 Pier.
437 2101 468 2124 et
476 2096 584 2125 Heins.
596 2105 667 2124 can-

101 2149 271 2180 caseasque
278 2140 329 2170 ah'i
338 2151 345 2171 ε
355 2152 583 2182 calceas-eosque
590 2143 666 2182 Reg.

151 2187 202 2220 43.
228 2187 275 2217 Ex
291 2187 514 2229 insignioribus
534 2189 667 2228 antiqui-

710 724 781 752 tatis
797 723 913 762 mythis
928 729 1001 752 sunt
1018 723 1229 763 Argonautica
1250 731 1279 753 et

710 779 758 797 res
772 769 917 796 Herculis
929 779 936 804 ;
957 779 997 797 ex
1015 768 1063 797 his
1076 779 1159 797 unus
1173 769 1279 798 lauda-

711 819 763 842 tur
777 813 886 852 Hylas,
902 817 987 853 Argo
1016 813 1053 842 ad
1074 815 1209 853 Mysiam
1229 825 1279 854 ap-

710 857 809 897 pulsa,
822 868 837 885 a
848 858 1003 898 Nymphis
1013 865 1119 898 raptus
1130 866 1158 888 et
1168 859 1281 889 frustra

713 903 750 931 ab
765 903 900 932 Hercule
913 905 1071 943 quaesitus.
1088 915 1116 933 v.
1131 905 1280 944 Apollod.

713 950 755 985 11,
777 960 857 987 1207
877 961 922 989 sq.
938 951 1002 989 Qui
1024 949 1061 979 de
1081 960 1117 979 eo
1143 959 1282 991 egerunt,

714 994 859 1034 adscripti
884 1002 956 1024 sunt
978 997 1011 1024 in
1032 997 1106 1026 Not.
1132 996 1168 1025 ad
1186 998 1285 1027 Anto-

714 1042 780 1070 nin.
800 1041 856 1071 lib.
874 1041 926 1071 26.
946 1059 991 1063 —-
1009 1048 1060 1077 44.
1080 1042 1233 1081 Qualitas
1248 1054 1286 1073 ex

716 1087 835 1126 aliquot
860 1098 931 1117 mss,
951 1087 1056 1117 laudat
1078 1089 1157 1118 Pier.
1174 1106 1218 1111 -—-
1234 1090 1286 1124 45.

719 1133 772 1168 46.
787 1133 837 1162 Ad
854 1134 1047 1174 antiquiores
1065 1133 1190 1173 mythos
1210 1135 1287 1164 rese>

717 1178 807 1208 rendi
821 1180 982 1209 Cretenses
995 1202 1002 1216 ‚
1017 1181 1113 1219 inque
1127 1179 1175 1209 his
1191 1182 1290 1210 Euro-

717 1236 765 1265 pae
780 1236 878 1265 genus
890 1248 897 1261 ,
915 1226 1020 1255 Minos
1031 1248 1038 1262 ‚
1055 1227 1106 1254 eui
1120 1233 1217 1265 nupta
1230 1226 1289 1255 fuit

719 1271 877 1310 Pasiphae.
895 1282 922 1300 v.
936 1271 1084 1311 Apollod.
1097 1273 1155 1307 ΙΙΙ,
1176 1282 1202 1300 r.
1215 1273 1288 1309 Ejus

720 1327 807 1346 amor
822 1317 903 1345 tauri
918 1317 1000 1345 inter
1013 1316 1224 1356 phantasmata
1244 1324 1288 1346 est

720 1373 790 1401 quae
800 1363 921 1402 poetica
929 1363 1018 1401 copia
1028 1363 1132 1391 ornari
1139 1370 1269 1402 possunt
1279 1373 1286 1392 :

718 1409 824 1447 itaque
847 1408 979 1447 arripuit
1004 1414 1112 1448 poeta,
1135 1415 1165 1437 et
1190 1410 1223 1437 in
1251 1419 1287 1438 eo

721 1460 862 1481 moratur
877 1463 883 1481 1
899 1453 966 1481 haec
984 1464 1046 1481 una
1060 1460 1105 1482 est
1123 1454 1211 1489 ratio,
1226 1464 1287 1492 qua

720 1499 802 1528 tueri
814 1499 912 1538 possis
927 1496 1052 1538 mythos
1074 1504 1136 1527 tam
1155 1500 1287 1538 promis-

719 1554 779 1573 cue
795 1550 981 1573 memoratos
993 1566 1001 1579 ‚
1020 1550 1066 1580 nt,
1083 1554 1140 1572 nee
1157 1544 1289 1574 dilectus

719 1599 776 1618 nec
793 1589 928 1627 ordinis,
944 1589 1039 1618 ullam
1055 1591 1206 1619 rationem
1222 1590 1289 1620 ido-

720 1646 810 1665 neam
847 1635 982 1676 reperire
1018 1645 1122 1674 queas.
1164 1636 1291 1666 Solatur

720 1691 827 1711 amore
830 1681 960 1723 juvenci
964 1694 976 1717 ;
986 1680 1210 1722 elegantissima
1217 1693 1290 1712 con—

719 1729 822 1758 versio
832 1751 840 1766 ,
854 1739 913 1768 pro
929 1739 966 1758 eo
976 1751 983 1765 ‚
1005 1727 1091 1768 quod
1108 1728 1291 1767 simpliciter

720 1781 804 1811 erat,
829 1774 1004 1814 Pasiphaes
1027 1784 1149 1802 amores
1182 1773 1288 1809 canit,

720 1831 790 1860 quae
819 1819 924 1849 fabula
946 1830 1055 1860 magna
1074 1829 1146 1848 eun]
1163 1826 1227 1848 arte
1252 1819 1289 1848 ad

719 1876 826 1895 rerum
860 1866 1112 1906 praesentissimus
1141 1866 1289 1906 imagines

718 1918 862 1942 revocata
877 1912 1056 1951 apponitur.
1068 1912 1116 1941 Sic
1130 1917 1231 1950 poetae
1244 1910 1290 1941 di-

720 1964 837 1986 cuntur
850 1956 1002 1996 conqueri
1010 1967 1072 1993 eos,
1084 1966 1221 1997 quorum
1231 1957 1288 1987 fata

720 2010 856 2039 canunt3
881 2013 968 2032 nunc
992 2002 1098 2033 solari.
1123 2002 1204 2032 conf.
1233 2004 1286 2033 62.

769 2100 820 2133 47.
852 2095 946 2136 Virgo
976 2095 1007 2125 h.
1036 2095 1056 2125 l.
1067 2117 1077 2132 ‚
1100 2102 1136 2125 ut
1163 2094 1265 2135 puella
1278 2118 1286 2130 ‚

721 2142 851 2171 omnino
875 2152 933 2181 pro
950 2140 1084 2179 femina;
1102 2152 1173 2171 nam
1191 2148 1287 2181 nupta

722 2187 772 2217 illa
788 2193 852 2218 erat
870 2188 982 2218 Minoi.
