1377 2428
560 121 681 149 LIRER
706 119 762 148 IV.

1200 118 1260 157 33„

72 176 222 211 Tollunt
239 190 246 211 :
268 175 325 212 his
343 189 420 212 sese
438 188 506 224 per
526 175 650 211 inania
666 175 795 211 nubila
813 172 964 210 librant.

124 235 233 270 Illiun
251 235 343 271 adeo
360 235 541 284 placuisse
562 235 695 284 apibus
711 233 896 270 mirabere
917 245 1078 278 morem,

72 294 186 339 Quod
202 308 268 331 nec
284 295 486 332 concubitu
505 295 717 344 indulgent,
737 308 806 330 nec
822 305 983 342 corpora
997 306 1126 342 segnes

71 357 116 390 In
133 357 316 391 Venerem
335 356 502 401 solvunt,
519 363 583 392 aut
600 355 695 392 fetus
714 354 865 390 nixibus
883 353 1009 389 edunt.

71 416 212 450 Verum
231 415 321 463 ipsae
339 429 358 451 c
380 416 476 452 foliis
495 425 600 452 natos
619 424 655 451 et
674 414 852 452 suavibus
870 413 998 450 herbis
1212 429 1258 443 200

71 475 149 509 Ore
165 474 310 522 legunt3
328 476 417 524 ipsae
439 489 565 526 regem
584 488 796 526 parvosque
816 474 985 519 Quirites

72 533 290 580 Sufficiunt,
312 536 488 584 aulasque
509 545 545 573 et
565 549 672 573 cerea
689 548 804 585 regna
822 534 1019 583 refingunt.

73 594 179 641 Saepe
197 594 308 630 etiam
328 594 431 632 duris
448 596 607 632 errando
625 597 663 632 in
679 595 826 632 cotibus
848 594 922 630 alas

76 764 88 782 1
99 765 111 783 1
127 765 135 791 3
150 755 229 785 Plin.
246 758 291 785 XI
303 778 310 791 ‚
330 767 380 786 10.
404 757 529 795 Cymbce
542 758 638 787 insta-

71 799 166 835 biles,
182 801 307 831 levitate
322 803 426 831 oneris
439 802 634 834 fluctuantes.

129 857 201 886 197.
217 848 303 877 Inter
324 848 430 887 plures
444 855 583 878 veterum
599 849 636 878 de

72 904 168 936 apum
215 893 424 933 generatione
473 895 636 934 opiniones

71 949 137 972 erat
163 940 255 968 etiam
272 939 358 976 haec,
382 950 447 969 non
469 941 554 980 gigni
577 951 635 969 nec

71 986 157 1017 nasci
171 996 220 1014 eas
230 1007 238 1021 ‚
255 985 309 1014 sed
323 996 361 1014 ex
376 985 508 1015 floribus
519 986 590 1026 legi.
604 997 634 1016 v.

73 1035 204 1064 Aristot.
227 1032 268 1061 H.
290 1033 330 1061 A.
357 1033 406 1067 V,
430 1042 467 1061 21
483 1042 490 1068 ;
508 1032 586 1061 adde
608 1042 635 1062 c.

76 1090 114 1119 ¹9
127 1102 134 1116 ‚
169 1086 221 1106 22.
261 1077 340 1107 Plin.
379 1079 446 1114 XI,
479 1078 529 1107 16.
561 1085 635 1107 sect.

76 1126 126 1155 16.
151 1124 246 1154 Nunc
269 1124 408 1164 reg-inam
425 1146 434 1160 ,
458 1123 553 1164 vulgo
578 1134 636 1163 pro

71 1181 142 1212 rege
165 1168 322 1206 habitam,
344 1180 543 1198 communem
566 1171 635 1198 stir—

70 1218 118 1257 pis
140 1221 298 1245 auctorem
322 1226 356 1244 ac
376 1222 535 1254 parentem
547 1238 554 1252 ,
569 1216 636 1244 ovis

69 1260 231 1302 pariundis
275 1261 372 1290 solam
402 1272 511 1290 vacare
522 1283 529 1297 ‚
566 1267 637 1301 post

70 1306 366 1339 Swammerdmmnii
397 1314 429 1336 et
455 1308 637 1337 Reaumm—ii

71 1353 114 1394 (t.
134 1355 175 1383 V.
196 1351 348 1382 Me'moire
366 1352 406 1392 9)
443 1353 635 1382 observatio-

70 1409 125 1428 nes
148 1400 324 1428 communis
342 1399 450 1438 opinio
469 1406 532 1434 est;
551 1398 635 1428 unde

70 1455 146 1474 mox
161 1444 369 1474 excludantur
387 1455 474 1484 apes,
491 1455 563 1473 cum
580 1455 635 1474 no-

70 1501 118 1520 vae
129 1498 258 1527 matres,
274 1497 341 1519 tum
354 1500 452 1519 mares
465 1512 473 1527 ,
483 1501 537 1519 seu
552 1490 634 1526 fuci,

70 1543 139 1566 tum
161 1535 377 1566 mellificantes
401 1546 488 1575 apes,
506 1537 540 1564 in
567 1537 635 1575 quj-

70 1582 130 1611 bus
153 1582 297 1612 nondum
312 1581 375 1610 uua
388 1592 481 1610 sexus
498 1588 572 1611 nota
589 1592 636 1611 re-

69 1635 158 1668 perta
169 1634 231 1657 est:
246 1634 283 1655 ut
305 1627 383 1656 adeo
399 1638 470 1666 apes
486 1637 558 1656 cum
577 1628 636 1657 for-

69 1675 158 1703 micis
170 1683 285 1703 novam
294 1674 499 1702 animantium
509 1673 636 1703 classem

70 1720 271 1755 constituant,
282 1729 352 1759 quae
361 1719 516 1759 triplicem
526 1729 636 1750 sexum

72 1765 306 1806 complectatur.

122 1821 182 1850 197
197 1829 244 1834 —-
258 1821 333 1850 199.
357 1811 466 1840 Novus
486 1812 636 1840 orationis

73 1857 178 1886 color:
192 1857 289 1886 Illum
296 1856 447 1886 mirabere
455 1867 469 1892 ;
481 1856 513 1886 h.
525 1868 551 1886 e.
566 1857 634 1894 alia,

72 1912 169 1942 eaque
198 1913 258 1932 nec
278 1903 382 1931 minus
411 1903 504 1939 mira,
524 1909 636 1932 natura

71 1954 132 1985 est=
151 1948 238 1988 quod
250 1947 436 1977 concubitui
447 1958 513 1977 non
532 1947 636 1977 indul-

44 2028 53 2035 ·
71 2001 161 2034 gent,
185 2004 244 2023 nec
271 1993 475 2033 concipiunt,
499 2004 557 2023 nec
583 2004 636 2034 pa-

72 2041 170 2070 riunt.
192 2039 315 2070 Colum.
338 2040 400 2075 lx,
428 2049 445 2068 2
458 2061 466 2075 ‚
491 2044 510 2074 4
534 2046 634 2069 utram

73 2085 229 2115 examina
251 2102 297 2109 --
317 2084 482 2114 concubitu
499 2085 635 2115 sobolem

67 2138 257 2170 procreent,
276 2141 319 2161 an
340 2129 486 2160 heredem
510 2131 635 2172 generis

73 2176 123 2206 sui
125 2176 262 2220 floribus
287 2175 426 2217 eligant,
445 2177 533 2217 quod
551 2176 636 2219 affir-

75 2229 144 2252 mae
162 2230 268 2254 noster
285 2224 442 2253 Maro,-
457 2233 532 2254 200.
555 2223 634 2263 425oe

691 756 807 798 esbliis
820 758 927 787 Heius.
945 767 961 785 e
980 755 1097 785 Medic.
1113 754 1250 785 Gudian.

689 805 805 833 Moret.
822 810 922 843 quart.
937 804 1047 832 Franc.
1064 801 1145 831 Toll.
1161 802 1210 830 Sic
1228 807 1259 830 et

690 851 823 878 Roman.
863 856 894 877 et
933 859 1040 877 omnes
1075 847 1258 876 Martiniani

691 904 763 922 cum
777 894 847 924 edd.
861 893 1023 923 nonnullis
1037 899 1100 922 ant.
1115 899 1145 921 et
1159 893 1255 922 Goth.

689 946 833 978 uterque.
856 939 1003 979 Etfoliis
1026 945 1117 967 natos
1138 945 1169 967 et
1184 940 1258 968 Rot-

690 984 774 1014 tend.
799 992 870 1014 tert.
894 987 937 1014 At
960 985 1026 1013 aliae
1048 995 1121 1013 cum
1141 984 1225 1024 vulg.
1241 996 1258 1013 e

690 1032 860 1067 omittunt3
875 1037 948 1059 sunt
971 1032 1064 1059 etiam
1085 1030 1140 1069 qui
1172 1029 1255 1059 ordi-

689 1087 762 1105 nem
790 1083 930 1112 mutent,
959 1084 1052 1105 natos
1077 1075 1172 1116 foliis
1185 1087 1198 1110 ;
1222 1083 1259 1105 ut

690 1122 773 1162 apud
801 1123 936 1152 Pierium
964 1128 995 1151 et
1022 1124 1056 1151 in
1084 1128 1160 1152 vett.
1186 1121 1255 1150 edd.

690 1176 784 1197 natas
813 1169 954 1198 Catroeus
983 1167 1091 1197 edidit.
1107 1170 1137 1197 E
1161 1168 1258 1196 suavi-

689 1214 743 1243 bus
763 1214 863 1243 herbis
885 1213 1047 1244 Mediceus
1072 1221 1102 1243 et
1125 1213 1255 1243 Mentel.

688 1271 737 1300 pr.
766 1260 824 1289 sed
854 1259 995 1288 suavibus
1022 1262 1194 1290 Romanus.
1211 1277 1256 1282 —

691 1317 766 1336 202.
800 1307 866 1345 Que
889 1306 974 1335 abest
994 1316 1009 1334 a
1031 1307 1140 1335 Franc.
1165 1305 1257 1343 Alvo-

689 1363 756 1381 rum
773 1360 804 1380 et
816 1362 907 1381 cerea
919 1362 1019 1392 regna
1033 1351 1233 1392 Longobard.
1246 1374 1254 1387 ‚

689 1409 761 1427 cum
776 1398 811 1426 in
824 1397 890 1426 aliis
904 1403 988 1426 tecta
1004 1399 1059 1433 sit,
1071 1399 1095 1426 si
1114 1404 1195 1426 recte
1206 1407 1256 1425 ca-

688 1445 742 1483 pio
763 1444 911 1473 Pierium.
936 1445 1059 1473 Verum
1088 1443 1150 1473 hoc
1171 1442 1256 1472 deto-
1292 1438 1297 1442 ’

688 1491 753 1518 rius
771 1496 870 1518 esset:
892 1499 965 1518 nam
991 1491 1025 1518 in
1048 1490 1148 1527 majus
1165 1495 1257 1529 auget

687 1546 753 1564 rem
768 1542 860 1574 poeta
876 1541 907 1564 et
922 1536 1086 1564 alvearein
1102 1535 1204 1564 aulam
1220 1545 1255 1563 ac

687 1591 818 1621 regnum
850 1587 961 1609 mutat.
1001 1582 1082 1610 Mox
1123 1580 1258 1623 rffgune

687 1627 783 1667 vulgo
797 1626 900 1656 editur
910 1626 984 1655 inde
992 1627 1031 1655 ab
1045 1625 1140 1656 Aidd.
1151 1649 1158 1662 ‚
1169 1626 1257 1666 quod

688 1679 818 1702 tuentur
842 1672 958 1702 Medic.
981 1683 1053 1701 eum
1079 1672 1145 1701 aliis
1160 1671 1253 1703 codd.

688 1725 719 1748 et
733 1718 804 1748 edd.
831 1725 924 1754 vett.‚
949 1729 1008 1747 nec
1031 1728 1098 1747 non
1116 1720 1202 1748 Serv.
1223 1725 1254 1748 et

688 1763 823 1804 Philarg.
847 1764 1034 1807 Refingunt,
1061 1763 1180 1792 editum
1192 1764 1255 1801 jam

689 1821 706 1839 a
724 1810 910 1840 Commeliu.
928 1817 958 1839 et
969 1809 1132 1839 Pulmann.
1143 1831 1151 1846 ‚
1164 1815 1255 1839 tuen-

688 1862 740 1885 tur
755 1858 848 1886 Rom.
864 1855 982 1885 Medic.
995 1861 1026 1885 et
1041 1854 1183 1895 quaedam
1196 1855 1254 1884 alia

688 1902 782 1932 Pierii
797 1902 987 1941 exemplaria
1002 1902 1192 1941 antiquiora.

737 1948 800 1977 203
816 1958 861 1987 sq.
879 1948 969 1987 Soepe
983 1946 1090 1977 etiam.
1108 1949 1157 1976 Ex
1170 1945 1258 1975 flori-

687 1993 748 2022 bus
764 2003 835 2032 apes
851 2000 884 2022 et
897 1993 995 2022 fetum
1016 2000 1048 2022 et
1063 1993 1143 2022 fetus
1157 2002 1254 2021 cuna-

688 2039 763 2068 bula
776 2045 807 2068 et
822 2038 986 2076 cubicula,
1000 2049 1109 2079 parare
1119 2037 1251 2068 dixerat.

688 2085 868 2126 subjungit,
887 2091 1008 2114 mutato
1022 2084 1183 2114 sententiae
1201 2093 1254 2112 or-

688 2129 760 2160 dine
774 2139 782 2160 :
796 2131 900 2171 itaque
912 2137 1000 2161 tanto
1009 2129 1125 2160 florum
1134 2129 1254 2159 obeun-

687 2175 803 2205 dorum
813 2176 919 2206 studio
934 2183 1098 2213 tenentur,
1113 2182 1149 2205 ut
1160 2175 1254 2205 etiam

688 2221 749 2251 alas
761 2221 919 2253 interdum
943 2228 1077 2252 atterant
1092 2222 1190 2251 acutis
1209 2220 1253 2264 1εῇ

967 2285 1034 2322 33*
