1408 2428
552 55 721 85 ECLOGA
747 58 806 87 111.
1244 60 1282 88 3¹3

71 115 237 153 Diffusos
259 112 401 149 hedera
417 112 529 149 vcstit
546 113 707 162 pallente
726 113 938 162 corymbos.

71 178 114 211 In
130 173 254 210 medio
273 173 349 209 duo
366 173 490 223 signa,
510 175 643 210 Conon
663 188 670 208 :
691 182 746 220 et,
765 175 848 223 quis
866 175 937 211 fuit
957 175 1070 220 alter,
1254 187 1287 213 40

69 280 144 310 licet
156 279 371 321 anaglyphum
384 286 449 308 erat
461 280 503 308 ita
515 279 631 308 factum
641 302 649 314 ‚

70 334 126 363 ut,
151 327 311 356 collocatis
332 327 367 354 in
386 325 490 355 medio
512 325 652 355 duorum

70 372 239 403 hominum
252 373 363 412 signiS,
378 382 447 401 oras
461 371 595 401 ambiret
611 373 655 400 vi-

72 420 110 448 tis
117 419 240 448 hederae
247 418 408 458 implicita.
429 418 656 456 Corymbisunt

72 466 188 494 racemi
208 464 372 494 hederaein
394 465 505 494 orbem
522 466 658 494 circum-

73 513 148 548 acti,
166 518 202 541 ut
220 511 300 542 Plin.
318 511 373 547 16,
393 513 452 548 34,
472 512 607 541 etacinis
624 521 658 540 ac

73 558 177 587 baccis
188 580 196 594 ‚
214 559 270 597 qui
279 557 402 587 fructus
418 558 542 587 hederae
553 581 561 594 ‚
583 568 658 597 quas

73 615 150 634 uvas
160 611 286 640 vocant,
297 615 415 644 graves.
432 604 561 634 Hedera
576 604 658 633 dicta

68 651 200 690 pallens
211 674 218 687 ‚
233 652 307 691 quia
326 661 424 691 genus
437 652 503 688 ejus
522 651 594 680 albo
609 661 660 680 co-

74 696 141 726 lore
155 697 350 737 conspicitur
365 707 372 726 2
390 707 527 737 namque
541 704 587 726 est
603 697 660 726 alia

75 744 166 784 nigro
181 743 286 772 colore
297 766 304 779 ‚
331 750 362 772 et
377 744 468 784 nigro
482 751 535 772 aut
549 754 660 773 croceo

77 788 194 818 fructu.
229 800 259 819 v.
279 790 408 819 'Martia
427 789 465 817 ad
483 789 515 818 h.
536 790 557 818 l.
580 789 660 818 Vitis

78 842 183 864 autem
197 835 353 874 explicare
372 845 404 863 se
422 842 452 863 et
468 845 593 874 serpere
606 845 659 863 su-

79 892 135 921 per
153 891 294 910 racemos
309 878 442 920 dfftsos
461 879 578 909 hedera
590 903 597 916 ‚
627 881 658 910 h.

79 937 218 956 racemos
250 926 374 956 hederae
393 949 402 963 ‚
445 926 632 956 hederaceos
652 949 659 962 ‚

81 973 221 1013 adeoque
230 983 325 1013 snper
339 972 486 1002 hederam
498 996 506 1009 ‚
522 972 663 1012 putanda

81 1026 126 1049 est
143 1042 151 1056 ‚
167 1025 259 1058 atque
276 1020 319 1048 ita
338 1019 456 1049 ambire
476 1019 553 1048 duas
573 1019 662 1048 caela·

82 1072 127 1095 tas
148 1066 298 1105 imagines
327 1065 467 1095 Cononis
494 1072 524 1094 et
562 1066 662 1094 Arati.

81 1112 156 1141 Erat
171 1112 205 1140 in
222 1111 270 1140 his
286 1119 356 1141 ante
366 1112 476 1144 oculos
486 1113 611 1142 Maroni
621 1112 665 1142 lo-

84 1168 140 1187 cus
155 1158 315 1188 Theocriti
333 1160 348 1187 I
360 1182 368 1196 ,
391 1169 432 1198 29
452 1170 519 1199 sqq.
532 1181 540 1195 ‚
567 1169 662 1198 quem

83 1203 116 1233 h.
133 1203 154 1232 l.
171 1204 363 1234 illustratum
377 1204 458 1235 dabo
471 1215 478 1235 :
490 1205 539 1235 Ibi
552 1205 587 1234 in
606 1207 664 1235 cis-

84 1248 170 1289 syhii
181 1272 189 1287 ‚
206 1250 293 1291 quod
306 1253 406 1289 majus
420 1262 472 1281 vas
485 1258 551 1281 erat
566 1259 667 1291 pasto-

86 1296 206 1333 ritinm‚
223 1296 390 1337 superficie
407 1306 468 1328 tres
482 1305 557 1327 sunt
571 1308 669 1335 arem-q

86 1351 221 1380 quarum
244 1345 346 1382 prima
369 1344 534 1374 mulierem
559 1343 669 1373 seden-

84 1392 149 1415 tem
158 1388 241 1417 inter
250 1389 330 1419 duos
345 1397 498 1419 amatores
515 1400 588 1418 cum
605 1391 669 1428 ipsa

87 1435 235 1463 amatorie
254 1435 490 1474 expostulantes
516 1434 668 1470 exhibet;

87 1478 121 1507 in
130 1479 225 1508 altera
236 1481 372 1519 piscator
385 1488 450 1510 rete
464 1481 559 1510 trahit
569 1481 646 1509 mari
661 1492 670 1516 ;

88 1524 122 1553 in
136 1526 226 1554 tertia
238 1527 327 1555 vinea
343 1533 389 1556 est
402 1537 476 1556 cum
485 1537 586 1566 puero
601 1537 670 1556 cus-

90 1569 172 1600 tode.
219 1573 338 1601 Totum
370 1573 524 1612 poculum
574 1573 671 1602 ambit

90 1616 241 1646 acanthus
259 1616 397 1647 flexibus
414 1620 479 1648 suis
501 1628 508 1648 :
530 1618 568 1648 ad
589 1630 672 1648 sum-

91 1672 174 1703 mam
189 1673 277 1693 oram
293 1663 407 1694 hedera
425 1672 456 1694 et
473 1664 672 1706 helichrysus

91 1715 167 1738 sunt
192 1710 354 1750 implicitae
382 1713 465 1741 inter
491 1722 524 1741 se
554 1713 674 1741 mutuis

91 1754 252 1785 nexibus:
268 1767 307 1786 ex
314 1756 362 1806 his
377 1759 530 1798 expressit
539 1758 592 1787 illa
606 1759 674 1788 Ma-

153 1803 232 1831 :To
254 1813 294 1832 πε
300 1813 326 1832 ³¹.
348 1814 385 1833 υ.;
388 1802 527 1846 ιχείὶὴ
523 1803 676 1846 nizpszrz.

94 1843 181 1886 ὑψόθι
205 1847 316 1884 κισσός.
343 1850 454 1880 Ambit
479 1862 569 1880 oram
588 1861 678 1881 vasis

95 1891 232 1930 hedera,
261 1894 360 1926 κισσό-
351 1895 528 1940 ςὲλιχρύσῳ
546 1908 579 1926 ι’.2
570 1908 679 1927 ‚mi-a

96 1949 134 1981 με
129 1937 183 1974 ’νος
187 1940 310 1972 F.lore
332 1943 514 1984 helichryso
533 1944 545 1984 (
561 1941 598 1973 de
615 1954 679 1995 quo

96 1963 260 2024 ¹quomodo
284 1987 430 2018 dubitare
456 1997 591 2029 possunt
626 1991 682 2029 qui

98 2032 238 2073 Idyll.11
249 2055 258 2069 ,
278 2034 318 2072 78
336 2033 476 2076 legerant
488 2036 524 2075 Ρ)
540 2043 659 2065 ‘zesczca
669 2058 678 2070 ‚

97 2078 294 2119 implicita‚o‘t
311 2076 346 2110 δὲ
367 2084 439 2111 κκτ’
457 2080 548 2111 αὐτὸι
566 2092 680 2125 καρπω

101 2123 163 2162 ἕλιξ
208 2124 267 2156 εἷλε
270 2126 334 2158 iux.
372 2126 416 2171 ἀγ
420 2126 577 2170 σιλλῠμένσι
610 2138 681 2170 >2:0-

69 2169 154 2205 ·>w's
157 2182 212 2203 ντι.
235 2174 283 2204 He
286 2173 368 2205 derae
387 2182 492 2206 autem
511 2174 680 2213 racemuli,

706 279 847 317 corfmbi
859 279 970 320 dffficsi
986 279 1105 309 hedera
1117 302 1127 315 ,
1142 280 1290 321 corymbi

706 324 840 361 hederae,
854 326 973 363 diffusi,
988 326 1096 355 fructu
1107 337 1221 356 croceo
1235 338 1291 357 seu

709 371 812 400 baccis
832 373 934 401 ornati
953 373 965 413 (
982 372 1021 401 cf.
1039 373 1141 402 Bentl.
1171 373 1209 402 ad
1226 375 1291 403 Ho—

709 425 767 447 rat.
787 420 844 457 Ep.
869 419 903 454 1,
928 428 987 457 19,
1012 428 1050 447 10
1069 418 1097 458 )‚
1117 420 1191 448 voli
1195 427 1294 449 untur

713 466 796 493 circa
812 464 1168 505 illum(helichiysum)‚
1184 466 1295 495 florem

713 521 786 540 eum
803 510 976 550 implicant
994 512 1040 539 Ita
1059 511 1122 540 fere
1138 512 1221 551 apud
1236 514 1296 542 Ne

714 558 841 586 mesian.
873 556 938 586 Ecl.
960 558 1027 593 111,
1063 557 1113 586 18.
1142 568 1181 596 19
1212 558 1298 587 vitea

715 611 798 633 serta
810 603 976 643 plicantur
987 603 1151 642 corymbis.
1172 604 1219 634 Cf.
1235 615 1298 633 ser-

714 657 783 678 tum
800 650 934 680 Theocr.
961 651 1019 679 III.
1039 660 1092 679 22.
1123 652 1175 680 23.
1200 651 1298 680 Caete-

715 706 798 731 rum,
809 697 865 736 qui
879 696 937 725 flos
948 694 1139 734 helichrysns
1149 698 1198 732 sit,
1210 698 1301 737 igno-

715 752 752 771 ro
769 752 842 770 cum
867 742 953 776 aliis,
976 740 1088 770 florem
1112 753 1176 771 esse
1202 750 1298 782 patet.

718 790 771 816 An
784 788 823 815 sit
833 786 1048 827 gnaphalium
1063 787 1197 817 sca-cleas
1208 790 1300 818 Linn.

715 832 803 872 quod
836 834 1047 870 conjectatum
1080 833 1146 862 vidi
1159 856 1167 870 ‚
1204 834 1301 874 dispi-

716 879 800 908 ciant
828 879 989 909 botanices
1016 880 1164 919 magistri.
1185 898 1231 903 -——-
1248 882 1300 920 37.

717 926 857 955 Palante
876 925 1027 955 Rottend.
1049 936 1110 955 sec.

767 978 819 1007 4ο.
839 973 878 1000 In
899 972 1004 1001 medio
1020 971 1083 1001 duo
1099 972 1192 1011 signa
1211 984 1221 1002 .·
1244 974 1303 1003 Co-

719 1028 794 1047 non.
828 1020 901 1047 Fuit
937 1020 1051 1048 Conon
1077 1018 1303 1048 celeberrimus

719 1064 956 1094 mathematicus
974 1072 1004 1094 et
1020 1071 1230 1101 astronomus,
1246 1066 1303 1104 qui

719 1111 801 1139 circa
822 1112 985 1141 Ptolomaei
1008 1110 1204 1150 Philadelphi
1224 1117 1303 1140 tem-

718 1167 795 1196 pora
814 1157 912 1194 fixit,
928 1159 1019 1196 cujus
1030 1157 1234 1186 Archimedes
1251 1157 1306 1186 ali-

719 1204 843 1243 quoties
854 1226 862 1239 ,
880 1210 1029 1244 tanquam
1044 1203 1104 1232 sibi
1121 1204 1301 1232 amicissimi

722 1256 753 1278 et
765 1250 937 1278 doctissimi
951 1250 1099 1285 hominis,
1116 1257 1146 1278 et
1158 1249 1301 1279 Catullus

724 1295 765 1324 de
780 1304 872 1324 coma
886 1297 1000 1325 Beren.
1018 1306 1047 1324 v.
1071 1306 1086 1332 7
1105 1305 1145 1323 ex
1162 1294 1305 1325 Callima-

728 1341 800 1377 cho,
811 1341 1004 1370 mentionem
1017 1340 1100 1370 fecit.
1116 1340 1154 1370 cf.
1166 1342 1260 1370 Mart.
1271 1340 1303 1369 h.

724 1387 745 1416 l.
760 1385 912 1426 Qm'sfiu'c
925 1387 1061 1416 alter—
1071 1385 1109 1415 de
1126 1386 1243 1416 celebri
1259 1396 1305 1415 as-

724 1440 873 1462 tronomo
892 1432 981 1473 loqui
1005 1444 1078 1463 eum
1094 1443 1220 1463 necesse
1242 1439 1308 1467 est,

726 1480 782 1519 qui
796 1479 867 1508 coeii
880 1479 994 1520 plagas,
1012 1486 1101 1509 ortus
1115 1489 1311 1518 occasusque

725 1525 875 1560 siderum,
893 1532 924 1554 et
938 1527 1013 1554 anni
1027 1533 1168 1565 tempora
1181 1527 1216 1555 in
1232 1525 1312 1565 agri-

726 1572 868 1601 colarum
903 1582 996 1600 usum
1022 1571 1231 1612 descripserit.
1260 1570 1313 1600 Ad

727 1619 862 1648 Aratum
878 1616 889 1657 (
905 1618 984 1647 male
1002 1618 1190 1648 Ptolemaeus
1218 1618 1316 1647 iuter-

727 1665 878 1705 ponitnr,
897 1665 953 1704 qui
973 1665 1023 1693 CL
1040 1666 1131 1693 aunis
1147 1666 1248 1693 serius
1268 1665 1316 1692 xi-

728 1710 820 1750 xit),
836 1710 1009 1740 Eudoxum
1021 1734 1028 1747 ‚
1045 1712 1173 1741 Servius
1185 1733 1193 1747 ,
1211 1710 1263 1738 alii
1279 1710 1318 1738 ad

730 1756 905 1787 Hesiodum
916 1779 924 1793 ‚
942 1756 1219 1786 Anaximandrum
1231 1778 1239 1792 ,
1259 1757 1320 1785 Ar-

731 1803 908 1833 chimedem
927 1802 1078 1832 referunt.
1105 1804 1124 1832 J
1128 1813 1177 1831 nm
1203 1802 1320 1831 Archi-

732 1850 856 1880 medem
866 1850 1050 1879 familiarem
1061 1849 1203 1879 Cononis
1213 1848 1318 1884 fuisse,

733 1904 764 1926 et
792 1897 947 1936 sphaeram
971 1906 987 1925 e
1012 1896 1095 1924 vitro
1125 1894 1319 1929 confecisse,

737 1947 879 1978 constat,
898 1942 949 1970 vel
967 1952 1008 1974 ex
1028 1941 1202 1971 Claudiano
1222 1942 1321 1982 epigr.

739 1988 792 2018 86.
811 1987 876 2017 vid.
896 1987 942 2016 ibi
959 1988 1055 2017 Gesn.
1072 1998 1081 2024 3
1101 1998 1230 2024 verum,
1248 1999 1321 2017 eum

737 2045 803 2064 rem
820 2034 971 2063 rusticam
989 2044 1044 2063 sua
1060 2040 1124 2063 arte
1144 2034 1300 2072 adjmisse
1314 2058 1321 2067 ,

737 2081 897 2111 memoriae
920 2079 1059 2109 ‘tradidit
1085 2091 1200 2117 nemo3
1232 2081 1318 2120 quod

737 2134 847 2157 contra
864 2127 898 2156 in
915 2128 1050 2156 Aratum
1073 2127 1156 2156 cadit
1167 2150 1175 2164 ‚
1201 2128 1258 2166 qui
1275 2138 1322 2155 as-

737 2174 928 2205 tronomicas
943 2175 1080 2205 rationes
1090 2174 1128 2204 ad
1139 2184 1231 2203 usum
1243 2174 1321 2214 agri-
