1377 2428
533 86 655 116 LIBER
678 85 735 114 IV.

1162 90 1224 122 429

41 142 256 187 Lustrabat‚
276 148 420 191 raptam
435 141 647 190 Eurydicen
665 151 776 191 atque
795 141 900 177 irrita
919 141 1016 177 Ditis

39 207 149 241 Dona
164 216 334 252 querens.
354 204 496 251 Spretae
516 201 696 238 Ciconum
716 215 791 252 quo
809 214 964 238 munere
982 210 1118 239 matres
1130 229 1140 248 ,
1176 211 1223 234 520

39 266 142 299 Inter
160 275 264 300 sacra
282 261 410 307 deum,
427 262 679 311 nocturnique
701 262 807 311 orgia
824 261 977 307 Bacchi,

40 323 278 372 Discerptum
297 323 390 359 latos
403 322 580 371 juvenem
599 335 769 371 sparsere
788 335 855 371 per
872 334 990 371 agros.

39 384 135 418 Tum
151 394 301 431 quoque
314 393 524 418 marmorea
542 391 654 430 caput
674 394 695 418 a
713 382 858 418 cervice
879 381 1084 426 revolsum,

40 557 101 578 tam
118 548 278 589 Scythiam
300 555 428 588 vagatur
446 548 601 587 Orpheus.

39 594 128 625 Adeo
157 596 284 624 nomina
314 601 437 623 tantum
461 594 604 623 ornantia

39 640 181 680 captabat
195 642 296 670 Maro.
313 641 378 670 Nec
400 640 472 668 satis
499 646 544 668 est
558 639 604 667 di—

40 697 124 723 cere,
139 687 279 716 Thraciae
293 685 523 725 antiquioribus
536 692 605 714 aeta-

39 732 123 761 tibus
150 743 265 762 nomen
289 731 382 760 latius
397 731 548 771 patuisse,
565 742 604 760 ex

39 779 235 818 ignoratione
251 784 403 806 terrarum
413 777 586 806 borealium
595 787 603 813 ;

39 833 110 863 quae
130 824 164 852 in
181 824 293 862 vulgus
317 829 391 851 nota
407 829 495 859 sunt3
513 833 553 851 ex
571 833 605 852 ea

40 870 124 898 enim
148 869 213 908 ipsa
239 869 434 909 ignoratione
462 875 605 897 veterum

38 920 207 954 propagata
215 920 289 943 sunt
301 915 428 943 nomina
440 915 604 953 regionum

40 971 56 989 a
80 961 180 1000 poetis
203 959 401 999 sequioribus
426 960 605 997 promiscue

40 1012 70 1035 et
102 1007 223 1035 incerto
259 1015 320 1033 usu
357 1003 506 1033 adhibita.
547 1004 604 1032 Illa

39 1057 145 1080 tamen
160 1050 337 1080 observatio
358 1049 421 1078 huc
436 1059 501 1078 non
516 1059 603 1088 spec-

41 1096 143 1132 tabat,
176 1094 429 1135 quandoquidem
464 1096 603 1123 miratio-

41 1152 114 1170 nem
139 1141 211 1171 facit
245 1139 329 1176 hoc,
355 1139 441 1180 quod
466 1139 539 1168 inde
566 1139 605 1168 ab

42 1187 146 1216 Hebro
164 1186 247 1216 idem
264 1185 360 1215 homo
377 1195 489 1214 errasse
508 1185 607 1221 fertur

37 1243 99 1272 per
109 1231 340 1271 Hyperboreos,
349 1241 412 1269 per
424 1230 561 1258 Tanaim
577 1236 609 1258 ec

37 1288 101 1317 per
115 1285 235 1306 montes
244 1275 388 1315 Rlzipaeos
394 1287 407 1311 ;
419 1286 490 1314 quae
498 1277 607 1315 utique

42 1325 134 1353 Maro
146 1330 183 1352 ut
195 1329 287 1362 poeta
303 1322 399 1357 dixit,
412 1331 479 1350 non
489 1332 528 1350 cx
537 1331 608 1361 geo-

43 1369 198 1409 graphicis
215 1368 405 1407 antiquitatis
420 1367 606 1396 rationibus.

43 1415 176 1444 ——52o.
198 1416 266 1453 Quo
292 1423 429 1442 munere.
446 1413 526 1442 Cum
547 1412 607 1451 ipsi

42 1460 116 1490 libri
140 1470 202 1499 quo
229 1469 356 1488 munere
377 1465 538 1494 tueantur,
560 1458 606 1486 vi-

43 1505 185 1535 dendum
197 1528 206 1542 ,
224 1515 265 1534 an
283 1505 538 1544 interpretatione
552 1502 605 1532 ad-

39 1552 144 1589 juvari
159 1561 193 1579 ea
207 1551 300 1580 lectio
319 1551 426 1590 possit.
454 1551 494 1578 Et
519 1549 606 1578 vocis

43 1607 115 1626 sane
131 1595 267 1625 muneris
278 1594 470 1636 significatus
482 1594 542 1623 late
554 1604 605 1634 pa-

43 1648 98 1672 tet.
122 1643 247 1672 Servius
265 1642 404 1681 nuptiale
422 1651 536 1669 munus
558 1641 605 1668 in-

43 1688 173 1728 teujgit;
189 1687 276 1727 quod
306 1687 421 1716 durum
448 1693 503 1716 est.
532 1686 606 1715 Non

44 1734 148 1763 minus
174 1732 290 1762 durum
322 1739 385 1769 est,
413 1738 449 1761 ut
477 1741 604 1767 munus,

44 1779 163 1808 donum
174 1801 183 1816 ,
204 1779 245 1808 sit
265 1779 331 1818 ipsa
350 1777 507 1818 Eurydice
518 1799 526 1813 ,
536 1787 606 1816 prae

45 1825 103 1854 hoc
116 1834 242 1853 munere
254 1831 366 1863 spretae
381 1824 534 1854 Ciconum
547 1832 607 1851 ma-

45 1877 117 1900 tres.
133 1872 250 1899 Munus
260 1880 319 1909 pro
332 1868 438 1899 officio
448 1892 456 1906 ,
473 1880 532 1909 pro
541 1869 608 1909 pie-

45 1922 107 1946 tate
128 1916 163 1945 in
183 1915 384 1951 defunctum,
400 1915 534 1951 inferiis,
553 1914 608 1943 ho-

45 1972 141 1998 nore,
171 1971 235 2001 quo
276 1967 418 1991 mortuos
445 1961 608 2001 prosequi-

46 2018 119 2037 mur
131 2030 140 2045 ,
181 2007 262 2036 bene
304 2006 438 2043 dicitur;
487 2008 607 2046 eritque

47 2054 125 2083 adeo
146 2064 208 2094 quo
229 2062 375 2087 munere,
405 2063 465 2092 qua
489 2052 609 2092 Orphei

46 2101 160 2140 pietate
187 2100 222 2129 in
248 2099 414 2140 conjugem
433 2099 609 2138 amorisque

47 2145 233 2186 pertinacia,
248 2152 358 2185 spretae
369 2167 377 2182 ,
392 2145 497 2185 sperni
509 2154 541 2173 se
550 2154 608 2184 pu-

47 2198 162 2229 tames,
191 2191 267 2221 dum
292 2201 375 2229 eam,
399 2190 460 2221 hoc
488 2189 607 2220 deside-

657 547 739 576 rium
767 554 880 587 ereptae
910 548 1070 587 conjugis,
1090 548 1123 577 in
1148 558 1223 577 con-

656 599 788 622 temtum
807 595 857 622 sui
872 594 1052 629 vertebant3
1066 595 1153 633 quasi
1171 604 1224 622 no-

656 639 764 668 luisset
786 639 838 668 ille
855 640 970 668 ducere
994 639 1085 668 aliam
1114 639 1223 668 mulie-

657 696 722 714 rem
734 708 742 721 ,
771 691 827 714 aut
854 686 982 714 alterius
1010 695 1146 714 amorem
1170 685 1223 714 ad-

657 732 789 760 mittere.
802 731 1000 771 [Simplicius
1018 730 1117 759 multo
1136 731 1225 760 intel-

656 777 732 817 ligas
747 776 959 816 qmzmobrem,
975 787 1072 816 quam
1086 776 1122 804 ob
1137 786 1223 805 caus-

658 833 725 851 sam
750 823 855 862 sperni
880 833 911 851 se
937 829 1084 862 putantes
1105 822 1143 851 ab
1164 825 1223 853 Or-

657 868 740 908 pheo
750 875 807 897 ete.
817 868 827 907 ]
839 868 926 897 —52
935 878 947 896 1
955 891 962 898 .
976 869 1116 897 Primum
1126 878 1224 908 genus

658 915 765 953 ponit,
792 921 828 942 nt
849 914 972 953 poetica
987 915 1066 942 ratio
1081 913 1158 950 fert,
1173 915 1224 943 In-

658 966 707 987 ter
719 969 811 987 sacra
834 959 950 994 deum,·
974 965 1042 988 tum
1060 959 1225 1000 subjungit

657 1005 743 1033 exiis
756 1004 791 1033 id
803 1014 943 1040 sacrum,
954 1005 987 1032 in
1002 1015 1065 1043 quo
1079 1015 1126 1034 res
1137 1013 1222 1035 acta:

658 1048 741 1078 inter
757 1049 862 1089 orgia,
885 1059 948 1087 quo
966 1051 1094 1079 nomine
1120 1053 1226 1080 omnia

659 1104 743 1123 sacra
756 1094 976 1123 enthusiaslica
992 1101 1022 1124 et
1036 1097 1166 1135 mystica
1176 1107 1227 1136 ap‘

658 1140 872 1179 pellabantur,
905 1138 1027 1168 Bacchi
1054 1142 1221 1179 nocturni,

660 1186 749 1222 cujus
775 1196 860 1214 sacra
882 1192 980 1214 noctu
1000 1185 1150 1216 celebrari
1174 1198 1223 1217 so-

658 1231 723 1260 lita.
739 1233 836 1260 Porro
852 1230 995 1260 Macrob.
1011 1233 1074 1268 IV,
1092 1232 1109 1260 3
1128 1233 1226 1262 Sacer

660 1287 738 1305 vero
764 1276 850 1305 locus
867 1276 1011 1315 inprimis
1025 1277 1141 1316 pathos
1163 1289 1226 1307 mo-

661 1329 717 1351 vet.
737 1321 880 1350 Occisum
899 1322 1020 1351 inducie
1035 1322 1179 1362 Orphea,
1195 1333 1226 1353 ee

661 1367 918 1396 miserabiliorem
942 1368 1102 1398 interitum
1123 1370 1189 1410 ejus
1203 1381 1224 1398 α

660 1413 729 1442 loeo
743 1411 855 1453 fizcit:
874 1415 989 1442 «Inter
1013 1424 1104 1443 sacra
1130 1414 1224 1443 deum

661 1469 692 1487 η.
709 1469 736 1487 ο.
749 1473 763 1483 n
780 1460 854 1488 Haec
870 1459 995 1487 tandem
1012 1460 1224 1490 Grammatico

661 1504 754 1544 digna
771 1504 804 1532 in
823 1511 947 1543 poetam
963 1515 1055 1534 suum
1078 1505 1223 1535 observa-

659 1550 714 1579 tio.
731 1550 900 1590 Orgiorum
916 1560 991 1579 usus
1008 1561 1025 1579 a
1043 1558 1152 1591 poeta,
1169 1553 1225 1591 qui

656 1595 738 1624 hanc
744 1596 951 1624 narrationem
959 1597 1080 1635 primus
1086 1596 1225 1633 induxit,

657 1642 816 1681 ingeniose
832 1648 878 1669 est
898 1642 1060 1671 arcessitus
1079 1643 1224 1682 exemplo

658 1687 791 1716 aliorum
806 1693 969 1727 poetarum
978 1710 988 1722 ,
1001 1690 1136 1717 maxime
1149 1690 1225 1718 Tra-

658 1734 800 1772 gicorum
816 1742 824 1762 :
845 1743 908 1772 qua
925 1732 963 1762 de
987 1743 1021 1762 re
1039 1745 1069 1763 v.
1097 1733 1136 1763 ad
1153 1735 1224 1764 AEn.

658 1780 737 1815 VII,
756 1780 820 1808 385
832 1800 840 1814 ‚
856 1786 887 1807 et
905 1780 1037 1809 Excurs.
1052 1781 1100 1810 IX
1115 1779 1153 1809 ad
1167 1779 1223 1809 lib.

659 1825 716 1854 VI.
734 1826 879 1855 Ceterum
901 1832 993 1864 poeta
1012 1835 1078 1854 non
1103 1827 1226 1866 attingit

660 1871 778 1900 crimen
799 1870 927 1910 Orpheo
945 1872 1116 1910 impactum
1136 1871 1223 1912 flagi-

660 1917 710 1953 fii,
727 1917 817 1954 cujus
831 1915 904 1946 odio
915 1923 945 1945 et
954 1917 999 1945 ira
1012 1917 1148 1947 incensae
1157 1928 1225 1946 mu-

658 1962 749 1991 lieres
773 1972 845 1991 eum
872 1961 1065 1992 dflaniarunt
1080 1971 1088 1992 ε
1104 1973 1166 2003 qua
1185 1963 1224 1992 de

661 2018 696 2037 re
725 2007 890 2037 Phanoclis
914 2017 1023 2037 versus
1047 2018 1096 2048 ap.
1124 2008 1222 2038 Athe-

660 2064 755 2083 neum
769 2054 837 2082 noti
854 2061 943 2090 sunt,
969 2064 1049 2092 quos
1066 2064 1170 2094 nuper
1185 2054 1223 2083 il·

659 2099 804 2128 lustratos
824 2099 912 2128 dedit
928 2098 1057 2130 Ruhnk.
1072 2099 1108 2128 in
1124 2100 1222 2140 Epist.

661 2145 738 2175 Crit.
751 2145 809 2174 sub
822 2145 842 2175 f.

667 2227 673 2234 .
709 2191 784 2221 525.
802 2192 984 2220 ‚Marmorea
1000 2190 1135 2226 cervice,
1155 2200 1226 2220 can-
