1377 2428
528 97 649 128 LIBER
673 98 731 127 IV.

43 157 212 203 Namque
233 152 374 189 dabunt
390 153 537 189 veniam
558 155 674 199 votis,
691 154 841 202 irasque
856 155 1055 192 remittent.

44 213 135 258 Sed,
151 213 283 249 modus
303 211 436 249 orandi
456 214 520 261 qui
536 214 600 257 sit,
620 214 725 262 prius
742 214 872 250 ordine
891 214 1022 252 dicam.

44 274 217 317 Quatuor
234 272 389 307 eximios
406 273 596 320 praestanti
613 285 772 320 corpore
791 281 935 319 tauros,

45 334 120 378 Qui
137 332 206 369 tibi
220 345 318 368 nune
338 330 468 366 viridis
486 330 690 378 depascunt
705 345 847 368 summa
865 334 1007 382 Lycaei,

44 391 190 440 Delige,
209 398 244 426 et
258 390 396 426 intacta
413 389 567 425 totidem
584 391 728 426 cervice
742 392 931 439 juvencas.
1176 402 1221 429 540

45 454 217 497 Quatuor
233 450 290 486 his
308 462 389 486 aras
406 450 478 485 alta
493 450 539 485 ad
556 449 712 485 delubra
729 449 883 487 dearum

43 508 233 546 Constitue
250 516 286 543 et
304 521 451 544 sacrum
466 508 605 557 jugulis
623 508 775 545 demitte
790 522 985 556 cruorem,

46 570 286 617 Corporacsue
301 567 382 616 ipsa
396 566 512 603 boum
530 567 707 604 frondoso
724 567 853 604 desere
872 569 967 605 luco.

46 630 149 672 Post,
167 627 233 663 ubi
248 638 346 661 nona
364 639 449 662 suos
469 629 617 662 Aurora
632 626 836 663 ostenderit
855 637 977 673 ortus,

46 685 201 722 Inferias
219 685 364 733 Orphei
379 685 529 721 Lethaea
546 697 734 735 papavera
749 687 890 731 mittes,

1178 696 1225 723 545

48 744 231 780 Placatam
250 743 461 792 Eurydicen
475 745 593 781 vitula
609 743 837 781 venerabere
854 757 945 781 caesa
956 772 966 789 ,

50 870 141 899 litum
168 869 349 906 videbatur3
366 870 470 909 itaque
496 872 612 912 eogita-

50 915 119 945 bat:
135 925 261 944 mltnere
274 915 406 954 supplex
420 917 536 952 Tende,
550 917 610 947 ahi.

52 962 136 990 Nate
145 968 258 1000 petens
277 961 397 990 Zulich.
410 984 418 997 ‚
434 962 519 991 unde
535 964 613 992 Eur-

50 1017 155 1036 mann.
187 1006 353 1046 legendum
378 1008 509 1046 putabat
537 1017 544 1038 :
571 1010 614 1037 Tu

53 1062 180 1081 munere
208 1053 358 1091 supplex,
377 1054 481 1089 Nate,
501 1061 616 1092 petens

47 1108 161 1137 pacem
171 1119 180 1132 ,
205 1097 324 1137 faciles
357 1108 513 1127 venerare
545 1100 614 1127 Na-

47 1153 149 1182 poeas.
175 1143 282 1172 Redde
309 1143 441 1173 Withof.
471 1143 613 1173 emenda-

54 1190 108 1219 vit.
125 1205 170 1211 —-
191 1188 266 1218 536.
286 1190 433 1228 Iramque
450 1191 613 1219 Francian.

55 1234 151 1264 Goth.
177 1244 224 1272 pr.
252 1235 344 1263 Forte
372 1241 496 1273 praestat
521 1236 616 1264 inter-

54 1289 194 1320 pungere
217 1280 389 1318 :Namque
417 1279 538 1309 dabunt
563 1291 618 1309 ‘zve-

56 1325 161 1360 m'am,
189 1324 273 1353 votis
300 1324 423 1364 irasque
447 1325 615 1356 remittent.

55 1369 206 1404 ——Votis‚
219 1370 364 1409 precibus
376 1370 473 1401 factis.
485 1389 531 1394 ——
541 1372 616 1401 538.

57 1415 202 1445 Eximios
219 1416 382 1455 proprium
406 1415 443 1445 de
465 1418 616 1453 victimis;

57 1472 105 1491 res
118 1468 201 1490 nota.
216 1472 246 1490 v.
262 1461 408 1491 Cerd.-
419 1463 495 1501 539.
509 1465 547 1491 In
563 1465 619 1500 Ly-

58 1518 134 1542 caeo,
151 1506 292 1536 Arcadiae
308 1514 384 1536 noto
401 1515 523 1544 monte,
539 1518 618 1546 quo-

59 1552 154 1582 modo
170 1553 319 1582 Aristaeus
330 1575 338 1589 ‚
351 1552 516 1582 Thessaliae
531 1563 619 1592 agros

60 1597 183 1634 colens,
209 1605 345 1626 armenta
370 1597 484 1627 habere
510 1600 619 1638 possit,

57 1644 126 1680 jure
155 1644 285 1672 miretur
316 1643 436 1683 aliquis.
464 1646 620 1673 Hactenus

60 1689 108 1718 sui
127 1688 243 1718 oblitus
267 1694 312 1717 est
339 1696 446 1728 poeta3
461 1691 517 1719 etsi
537 1691 622 1718 enim

60 1744 152 1773 supra
181 1744 252 1763 eum
291 1734 461 1764 Arcadium
495 1735 623 1764 heroem

62 1778 216 1815 ediderat,
241 1790 272 1809 v.
304 1780 366 1808 283
383 1802 391 1816 ‚
424 1790 490 1809 non
519 1788 623 1810 tamen

62 1835 148 1853 nunc
188 1834 227 1852 ex
259 1825 392 1854 Arcadia
434 1826 623 1855 arcessendae

61 1877 149 1899 erant
163 1870 296 1899 victimae
314 1872 349 1899 in
363 1871 559 1901 Thessaliam.
577 1889 622 1895 —-

66 1916 141 1950 540.
169 1915 290 1944 cervice
319 1915 457 1952 intacta,
474 1917 569 1958 jugo,
587 1924 624 1947 ut

62 1961 163 1990 toties.
177 1962 224 1989 De
233 1962 356 1990 numeri
365 1963 478 1990 caussis
487 1973 624 2002 quaerere

54 2016 128 2035 ·non
142 2006 233 2042 licet3
248 2016 314 2035 non
327 2008 422 2046 magis
438 2008 517 2037 forte
531 2019 625 2048 quam

62 2051 129 2080 Ecl.
153 2052 202 2087 V,
226 2051 287 2088 65,
312 2059 349 2081 ut
377 2060 487 2092 poeta,
503 2060 623 2084 certum

62 2106 228 2126 numerum
240 2098 355 2136 posuit.
373 2100 416 2127 At
433 2100 467 2127 in
484 2109 622 2129 novena-

60 2143 108 2171 rio
137 2152 269 2172 numero
293 2143 475 2173 novendiale
502 2155 624 2175 sacrum

60 2187 195 2228 cogitare
212 2189 326 2228 potuit.
341 2189 423 2221 conf.
440 2189 478 2220 ad
493 2192 563 2222 AEn.
581 2193 621 2228 V,

667 872 742 910 762.
762 888 807 894 —-
819 872 893 906 541.
908 872 1058 905 Deamm,
1071 869 1231 909 Nympha»

664 928 736 946 rum
752 928 782 946 v.
799 918 874 946 532.
893 917 1006 946 Omnia
1021 917 1055 945 in
1078 915 1139 944 hoc
1160 926 1230 944 ver-

666 974 702 992 su
712 964 838 1002 proprie
852 962 944 991 dicta.
957 962 1013 991 Ad
1023 961 1153 990 delubra
1170 968 1230 990 sta-

667 1015 801 1037 tuuntur
819 1018 878 1037 arae
890 1030 898 1044 ‚
916 1014 986 1036 ante
1008 1007 1159 1046 templum
1172 1029 1180 1042 ,
1198 1008 1231 1036 in

667 1051 791 1095 προνάῳ
815 1064 855 1082 ex
876 1063 982 1088 more3
1001 1052 1129 1082 delubra
1151 1052 1230 1086 alta,

667 1100 738 1139 quia
761 1099 906 1139 gradibus
931 1097 1177 1127 adscendebatur
1195 1097 1233 1126 ad

666 1144 792 1184 templa.
807 1163 852 1168 —
865 1145 939 1179 544.
955 1145 1052 1173 ,Nona
1074 1143 1140 1172 dies
1155 1143 1233 1173 alter

666 1192 790 1230 Menag.
815 1190 1008 1220 Ostenderat
1027 1189 1135 1229 fragm.
1159 1190 1231 1220 Mo-

669 1243 725 1265 ret.
745 1235 919 1265 Reduxeric
934 1242 1017 1264 ortus
1032 1234 1171 1264 Parrhas.
1191 1245 1231 1263 ex

669 1292 700 1311 v.
722 1282 739 1310 5
746 1282 797 1311 52.
808 1280 975 1310 Induxeric
986 1291 1068 1310 unus
1076 1279 1230 1310 Arundel.

669 1344 715 1349 -—
735 1327 811 1361 545.
840 1326 968 1356 Lethaea
988 1336 1152 1365 papavera
1174 1326 1230 1355 Ge.

671 1374 704 1408 Ι,
726 1373 765 1410 78
785 1372 910 1401 Letlzoeo
927 1371 1059 1412 perfilsa
1069 1382 1234 1411 papavera

670 1428 790 1448 somno,
801 1417 927 1457 Orpheo
942 1417 1060 1446 inferiae
1073 1415 1165 1452 fiunt,
1181 1427 1234 1445 cnr

668 1465 719 1501 jus
736 1465 845 1492 Manes
860 1463 996 1491 immissa
1013 1462 1066 1491 lue
1085 1463 1233 1500 injuriam

671 1510 795 1538 Aristaei
816 1509 876 1537 ulti
897 1514 983 1537 erant
1004 1518 1049 1538 τε.
1074 1508 1148 1543 454.
1165 1509 1234 1537 Me-

671 1554 822 1583 morabile
839 1553 938 1590 iflud,
955 1553 1042 1593 quod
1051 1553 1170 1582 inferiae
1184 1564 1236 1593 pa-

671 1599 840 1640 paveribus
855 1599 999 1628 feruntur
1015 1598 1047 1628 h.
1057 1599 1078 1629 l.
1095 1609 1161 1628 non
1173 1599 1236 1628 lac-

672 1653 713 1682 te⁷
724 1646 809 1682 vino,
824 1645 907 1675 libis.
925 1662 970 1667 —-
982 1645 1056 1680 546.
1065 1645 1235 1675 Placacam

673 1690 863 1729 Eurydicen.
874 1692 968 1720 Hunc
977 1701 1101 1719 versum
1111 1697 1182 1730 post
1193 1701 1235 1720 se-

673 1743 820 1777 quentem
835 1745 843 1767 t
860 1738 904 1766 Et
917 1735 1039 1776 nigram
1050 1758 1059 1771 ‚
1087 1735 1238 1765 exhibent

675 1783 780 1812 omnia
797 1782 917 1811 Heinsii
934 1781 1122 1821 exemplaria
1139 1788 1239 1811 vetus-

675 1834 715 1865 ta,
731 1838 797 1857 uno
813 1835 962 1867 excepto,
976 1828 1053 1857 item
1066 1828 1238 1858 Burmanni

676 1876 752 1913 Reg.
777 1873 847 1903 edd.
867 1875 977 1909 Junt.‚
993 1879 1026 1902 et
1046 1875 1085 1904 R.
1113 1872 1236 1912 steph„

675 1926 777 1958 uterq.
794 1918 888 1948 Goth.
898 1941 906 1955 ,
921 1926 1023 1958 uterq.
1038 1918 1191 1948 Arundel.
1209 1925 1240 1947 et

676 1964 781 1994 Mead.
807 1964 944 1994 Brunck.
967 1964 1031 1995 Erf.
1046 1964 1094 1994 ed.
1111 1964 1237 1995 Norim-

676 2009 762 2050 berg.
778 2032 787 2046 ,
815 2016 845 2039 et
871 2010 955 2047 aliae3
971 2009 1096 2039 tandem
1127 2010 1237 2050 fragm.

677 2057 792 2092 Vatia,
810 2056 913 2084 minus
934 2063 1038 2085 tamen
1049 2062 1149 2092 recte3
1165 2065 1239 2084 nam

675 2108 747 2141 post
767 2101 974 2140 illa:01phe0
999 2100 1121 2142 inferiis
1135 2099 1241 2141 factis

676 2147 779 2175 lucum
804 2146 934 2184 revises,
956 2147 1014 2177 ubi
1042 2147 1239 2176 victimarum

677 2202 809 2232 corpora
833 2193 954 2232 jacent,
977 2192 1138 2233 quomodo
1164 2191 1239 2221 sub-
