1377 2428
304 54 323 66 N

548 60 669 89 LIBER
694 60 752 87 IV.

57 118 258 168 Deprensis
276 117 365 154 olim
379 117 490 154 statio
510 116 694 152 tutissima
710 114 844 151 nauti&

56 183 161 216 Intus
179 192 218 216 se
234 178 329 215 vasti
349 180 507 214 Proteus
526 177 618 225 tegit
630 175 760 225 *objice
777 174 868 211 saxi.

56 238 126 274 Hic
140 239 316 287 juvenem
326 238 371 274 'in
387 236 540 273 latebris
562 248 735 272 aversum
760 248 782 271 a
800 233 941 270 lumine
956 235 990 269 N
995 232 1134 282 ympha

55 299 250 345 Conlocat3
268 298 348 347 ipsa
365 297 497 347 procul
513 296 661 333 nebulis
678 295 840 332 obscura
860 293 1008 330 resistit.

110 363 129 395 J
133 372 192 394 am
210 359 364 408 rapidus
382 368 527 395 torrens
545 357 703 394 sitientis
724 356 843 393 Sirius
862 354 976 391 Indos

1201 362 1249 389 425

57 419 243 465 Ardebat,
261 414 408 456 coeloet
423 419 588 457 medium
606 419 658 455 sol
677 418 807 467 igneus
824 416 955 453 orbem

55 608 141 636 unda
165 608 318 638 reductos.
329 626 375 630 -—
387 614 426 643 42
437 619 447 636 1
456 632 462 638 .
497 607 620 636 Gratis-

53 653 134 682 sima
151 653 232 683 Toll.
250 662 287 683 ut
307 657 375 684 AEn.
392 656 433 690 V,
453 654 513 682 128
543 653 624 693 apri-

53 698 96 728 cis
110 700 204 728 statio
215 700 401 740 gratissima
417 700 539 740 mergis.
556 701 624 729 Sca<

53 744 261 787 tiofidt'ssima
274 746 369 777 Goth.
381 758 442 787 pr.9
456 757 523 776 non
533 746 622 781 male;

54 799 89 820 ut
112 799 221 821 contra
241 792 336 822 statio
360 794 444 822 male
451 792 527 835 fida
549 791 625 821 cari-

53 836 100 866 nis
131 840 201 869 AEn.
228 839 277 875 II⁷
306 841 359 869 23.
375 845 494 874 —421
508 861 515 874 ‚
547 844 623 873 422.

53 884 128 913 Haec
150 886 193 914 ita
217 885 376 925 intelligo,
408 892 443 915 ut
467 886 624 914 anteriore

51 928 146 967 hujus
159 941 297 960 recessus
310 938 397 971 parte
406 954 414 967 ‚
425 937 551 971 patente
565 930 624 959 sub

51 974 104 1005 dio
116 998 124 1012 ‚
140 978 271 1006 navium
283 979 390 1013 statio,
403 979 437 1006 in
452 977 601 1006 interiore
613 998 622 1012 ‚

51 1028 134 1051 mtra
159 1024 306 1063 scopulos
331 1023 474 1059 reducta,
496 1029 623 1052 antrum

53 1068 147 1098 fuisse
171 1069 311 1106 dicatur3
336 1069 411 1098 huic
436 1080 495 1110 pro
521 1069 624 1097 muni-

52 1114 138 1144 tione
157 1125 193 1144 ac
217 1115 339 1145 foribus
354 1115 505 1156 scopulus
521 1114 624 1152 objec-

52 1166 104 1189 tus
119 1168 202 1198 erat,
220 1163 255 1191 in
275 1172 340 1201 quo
355 1165 488 1192 Proteus
505 1173 535 1191 v.
558 1161 623 1196 436

52 1207 197 1237 considet
218 1207 258 1237 ad
279 1218 445 1237 recensum
469 1213 624 1236 armento-

53 1262 135 1281 rum.
151 1252 317 1293 Deprendi
332 1264 426 1283 naves
441 1259 625 1293 tempestate

53 1299 262 1329 notissimum.
291 1299 399 1340 Tegit‚
418 1307 520 1341 tegere
549 1309 624 1328 con·

53 1346 166 1375 suevit.
187 1345 311 1385 Objice,
328 1347 363 1375 in
376 1357 468 1386 prosa
479 1368 487 1383 ‚
505 1345 626 1385 objectu

54 1391 130 1419 Fere
146 1397 183 1420 ut
201 1391 338 1432 Cyclops
354 1402 402 1432 ap.
417 1394 545 1423 Homer.
565 1390 625 1422 Od.

54 1450 79 1473 ι,
98 1441 163 1470 240
179 1447 225 1476 sq.

102 1483 179 1518 423.
206 1485 358 1513 Aversum
385 1495 406 1513 a
432 1484 569 1521 lumine,
592 1484 626 1513 in

53 1531 142 1566 loco,
171 1540 236 1570 quo
258 1530 367 1560 lumen
392 1530 430 1560 ab
455 1531 535 1560 ostio
552 1529 625 1560 iude

54 1577 136 1606 antri
148 1587 214 1606 non
228 1583 379 1616 permeat.
396 1593 442 1599 —--
460 1582 536 1612 424.
554 1578 626 1616 Ipsa

51 1622 166 1661 procul
175 1622 297 1652 nebulis
308 1623 438 1652 obscura
448 1646 456 1658 ‚
476 1623 508 1652 h.
525 1624 558 1652 in
572 1633 626 1652 ne-

55 1669 148 1705 bula,
166 1679 206 1697 ex
230 1679 355 1708 aequore
377 1679 537 1709 assurgere
557 1669 627 1698 soli-

55 1722 94 1745 ta.
126 1715 271 1751 Resiscit,
291 1721 368 1751 stat,
394 1721 430 1743 ut
450 1715 568 1754 Apollo
593 1715 628 1743 in

55 1760 141 1790 nube
152 1761 241 1791 Iliad.
256 1770 268 1790 ε
280 1783 287 1797 ,
308 1761 381 1797 1853
394 1770 407 1789 0
420 1783 428 1797 ,
446 1759 629 1799 308.Quod

56 1808 213 1836 Homerus
226 1818 256 1836 v.
274 1812 338 1842 402
359 1808 472 1836 Proteo
495 1805 630 1847 pulchre

57 1852 234 1888 affluebat,
253 1850 380 1894 μελαίνῃ
406 1850 490 1894 φρικὶ
513 1855 630 1892 καλυφ-

57 1895 115 1933 θῑὶς
103 1921 133 1935 ‚‚
163 1898 203 1928 ad
216 1899 372 1939 Cyrenen]
394 1905 513 1927 mutata
537 1899 631 1928 1atio-

58 1955 98 1974 ne
114 1944 306 1974 transtulisse
331 1944 475 1981 videtur,
496 1950 533 1973 ut
564 1945 631 1984 ipsa

48 1990 175 2020 mebula
213 1990 382 2029 caliginosa
415 1990 537 2028 objecta
576 1991 626 2020 sit.

59 2037 212 2076 Spencius
245 2036 398 2076 Polymet.
436 2046 506 2077 pag.
539 2046 603 2066 222
619 2059 628 2073 ‚

60 2093 100 2111 ex
121 2084 248 2122 antiqua
270 2083 393 2122 pictura
415 2090 541 2123 poetam
561 2082 629 2112 haec

61 2135 241 2158 mutuatum
258 2140 322 2158 esse
343 2128 569 2169 suspicabatur.
587 2129 631 2158 At

63 2175 168 2204 saltem
192 2175 358 2214 praestabat
384 2175 487 2204 dicere
511 2185 517 2204 z
542 2185 631 2214 posse

675 608 755 637 hanc
786 610 998 638 narrationem
1030 615 1251 649 argumentum

675 654 827 683 idoneum
868 656 1001 695 picturce
1036 654 1248 694 suppeditare.

726 701 802 735 [425.
818 701 932 730 Sirium
953 712 1010 741 pro
1027 701 1092 730 sole
1108 701 1140 730 h.
1159 700 1180 730 l.
1200 710 1250 729 ac-

678 747 740 786 cipi
767 746 890 777 volunt.
916 749 962 776 Ita
987 749 1086 777 otiose
1110 746 1158 775 bis
1183 746 1248 775 dic-

678 800 746 822 tum
764 802 771 822 2
789 793 836 823 sol
859 793 985 823 ardebat
1011 800 1042 823 et
1064 793 1112 823 sol
1134 793 1249 822 coelum

678 839 819 868 medium
842 840 977 869 tenebat.
996 839 1151 879 Equidem
1170 849 1250 868 non-

679 885 757 914 dum
773 886 875 914 victus
896 885 937 915 do
966 896 1088 915 manus.
1112 884 1248 914 Mediam

678 938 813 960 aestatem
830 938 860 960 et
876 933 1019 961 aestivum
1042 931 1178 960 calorem
1194 942 1242 970 pei

676 979 792 1007 Sirium
822 977 980 1014 declarat,
1001 984 1038 1007 ut
1065 984 1178 1017 poeta3
1210 978 1247 1023 ⁰¹}

677 1026 746 1053 AEn.
766 1025 833 1059 III,
856 1025 935 1062 1433
954 1026 1003 1060 X,
1021 1025 1097 1061 273.
1115 1024 1247 1055 Canicuf

676 1069 705 1098 la
736 1071 838 1106 enim,
871 1080 926 1099 seu
956 1071 1036 1100 Sirio
1047 1093 1056 1106 ,
1086 1070 1146 1099 sub
1177 1069 1248 1114 solis¹

677 1117 844 1145 transitum
856 1117 889 1145 in
899 1118 1036 1145 Leonem
1050 1122 1121 1145 orto
1137 1118 1249 1156 AEgypss

678 1167 747 1191 tum
777 1168 807 1190 et
838 1162 991 1203 reliquam
1023 1162 1139 1191 Africae
1163 1172 1251 1190 oram

678 1217 803 1237 summo
819 1215 849 1237 et
869 1207 1064 1238 intolerabili
1085 1214 1163 1237 aestu
1179 1218 1250 1247 pre—

678 1254 740 1289 mi,
768 1255 840 1282 satis
858 1261 971 1283 notum
990 1263 998 1284 :
1027 1255 1134 1294 itaque
1162 1253 1253 1282 arde-

678 1298 732 1327 bat
742 1323 749 1333 ‚
774 1298 886 1344 ἔφλεγε
898 1322 905 1336 ,
926 1299 1025 1329 Sirius
1049 1300 1180 1340 rapidus
1196 1299 1252 1340 (nt

679 1345 764 1375 calor
781 1353 890 1383 aestus,
916 1346 981 1383 sol,
999 1346 1129 1385 rapidus
1140 1368 1148 1381 ‚
1170 1346 1252 1375 celer

682 1401 716 1420 ac
734 1391 925 1433 vehemens),
940 1399 971 1422 et
981 1399 1102 1421 torrens
1112 1391 1254 1422 sitientes

681 1437 793 1473 Dalm,
809 1438 840 1468 h.
854 1439 1031 1478 AEthiope5‚
1043 1449 1072 1468 V.
1082 1449 1152 1478 sup.
1166 1438 1229 1477 293
1246 1449 1255 1474 ;

681 1483 738 1514 Ge.
754 1485 785 1513 II
795 1507 803 1521 ‚
824 1495 835 1513 1
847 1486 885 1514 16
898 1496 906 1521 ;
921 1491 952 1514 et
977 1484 1029 1514 tali
1043 1486 1116 1514 anni
1132 1491 1254 1523 tempo-

681 1540 714 1559 re
725 1553 732 1566 ,
751 1530 890 1560 medium
911 1530 973 1560 diei
990 1537 1113 1571 tempus
1125 1530 1255 1568 subjicit

682 1576 779 1606 altero
807 1587 900 1605 versu
917 1586 924 1606 :
952 1577 1029 1606 coelo
1057 1584 1089 1606 ec
1116 1576 1254 1605 medium

681 1622 730 1650 sol
744 1621 855 1662 igneus
868 1622 972 1652 orbem
992 1624 1168 1657 Hauserat,
1186 1623 1254 1652 scil.

682 1678 797 1703 cursu,
836 1676 1078 1709 peragraverat,
1109 1679 1255 1697 emensus

682 1720 757 1742 erat.
786 1714 911 1744 Colum.
936 1717 985 1750 X,
1011 1715 1073 1744 313
1101 1716 1194 1744 Titan
1210 1731 1256 1736 -—

682 1760 834 1788 Hauserit
845 1760 1028 1802 etflammis·
1044 1760 1172 1789 Lernaei
1188 1760 1258 1789 bra-

683 1804 758 1834 chia
778 1806 917 1842 Caneri;
931 1813 960 1836 et
976 1814 1012 1835 ut
1029 1817 1111 1847 saepe
1131 1805 1255 1835 exhau-

683 1851 779 1880 rimus
794 1852 917 1882 labores
933 1859 963 1881 et
980 1852 1039 1882 alia
1050 1875 1058 1889 ‚
1078 1863 1150 1892 quae
1166 1852 1205 1881 ad
1222 1850 1256 1881 fi-

683 1908 757 1927 nem
785 1899 999 1938 perducimus.
1030 1900 1165 1929 ornavit
1188 1898 1256 1927 haee

663 1977 671 1979 s
683 1945 775 1974 Maro
787 1967 794 1980 ‚
814 1955 885 1984 quze
901 1946 1058 1974 Homerus
1073 1945 1257 1985 simpliciter

682 1997 840 2030 posuerat.
852 2009 897 2013 —
910 1992 986 2026 426.
1003 1991 1149 2021 Ardebat
1163 1990 1253 2025 ca‘lo,

683 2044 714 2065 et
724 2036 977 2077 distinguebatur
990 2044 1061 2066 ante
1070 2037 1238 2067 Heinsium
1246 2059 1254 2072 ‚

683 2082 747 2119 sed⁷
758 2089 795 2111 ut
809 2094 890 2124 saepe
907 2083 1043 2120 dictum,
1060 2084 1148 2113 alteri
1164 2093 1256 2112 mern-

685 2129 743 2157 bro
772 2136 817 2158 est
843 2129 1069 2159 vindicandum
1079 2152 1088 2167 ‚
1112 2130 1144 2159 id
1168 2129 1255 2169 quod

686 2176 861 2216 pleniorem
880 2177 953 2205 facit
968 2178 1142 2205 orationem
1155 2186 1163 2212 3
1180 2186 1255 2203 eon·
