1408 2428
599 52 720 81 LIBER
744 53 786 81 ΙΙ.

1221 55 1285 83 224.

108 113 183 146 Aut
202 110 297 146 setus
314 110 459 155 ovium,
475 117 541 145 aut
559 109 701 145 urentis
720 109 818 145 culta
838 109 1017 159 capellas;

107 169 246 215 Saltus,
265 179 300 206 et
318 169 433 206 saturi
450 169 567 218 petito
584 169 787 217 longinqua
802 170 973 216 Tarenti,

106 231 151 264 Et
165 229 312 278 qualem
328 229 455 265 infelix
471 228 592 265 amisit
610 231 765 265 Mantua
781 241 973 278 eampum,

105 289 317 324 Pascentem
333 288 460 324 niveos
476 287 639 323 herboso
659 286 810 323 flumine
825 301 977 336 cycnos3

104 348 189 383 Non
208 347 339 396 liquidi
359 346 534 396 gregibus
553 347 691 393 fontes,
709 360 784 383 non
804 348 972 396 gramina
991 346 1166 394 deerunt3
1233 364 1278 379 ιω

105 408 168 449 Et,
184 411 363 453 quantilm
380 406 496 454 longis
514 414 667 455 carpent
685 414 852 441 armenta
870 405 1021 452 «liebus,

105 464 249 513 Exigua
265 472 407 501 tantum
424 464 566 514 gelidus
586 478 646 500 ros.
664 474 773 500 nocte
792 474 958 513 reponet.

103 522 220 572 Nigra
239 523 314 560 fere
334 532 370 560 et
386 536 513 572 presso
533 524 680 573 pinguis
697 524 766 560 sub
786 536 938 560 vomere
960 532 1076 570 terra,

105 583 151 617 Et
167 582 229 618 cui
245 590 354 631 putre
374 583 493 619 solum
507 584 689 633 (namque
706 581 778 618 hoc
796 582 985 619 imitamur
1000 583 1161 633 arando)
1171 611 1180 629 ,

105 643 270 690 Optuma
285 642 478 680 frumentis
495 657 502 678 ε
520 656 596 679 non
612 643 688 679 ullo
709 655 755 678 ex.
770 654 920 691 aequore
937 655 1064 679 cernes
1232 654 1278 676 ως

104 700 214 738 Plura
236 702 387 738 domum
405 703 520 740 tardis
537 702 715 739 decedere
734 702 899 750 plaustra
911 702 1079 754 juvencis
1096 717 1104 737 :

106 844 135 871 11
147 865 154 879 ,
173 843 193 871 6
204 865 212 879 ,
235 853 284 879 10,
299 843 396 883 sqq.);
412 853 428 872 a
442 845 663 883 consequen113

106 888 293 928 utpingm's,
312 896 342 918 et
363 895 427 923 224
444 889 527 918 dives
545 890 664 928 Capua.

105 933 241 963 Illustrat
253 944 345 963 usum
366 934 495 974 epitheti
509 936 664 965 Heinsius.

105 979 305 1020 Longinqzm,
318 981 507 1020 longinquos
519 991 666 1021 agros——

112 1025 183 1064 196.
217 1028 284 1055 Aac
299 1025 388 1066 setus
415 1026 515 1055 ovium
544 1034 667 1055 urentes

106 1071 230 1111 Menag.
258 1081 306 1110 pr.
330 1089 376 1093 -—
404 1082 475 1111 197.
508 1073 666 1112 Satyrium

106 1123 241 1145 tractum
260 1127 359 1156 prope
381 1119 552 1147 Tarentum
576 1117 666 1147 intel-

103 1161 179 1201 ligas
190 1184 198 1198 ,
215 1173 255 1191 ex
267 1163 412 1202 Stephan.
426 1163 589 1203 Byzantin.
605 1164 666 1204 epi-

105 1214 207 1244 tome,
233 1214 263 1237 et
283 1209 381 1237 samri
403 1219 461 1248 pro
485 1209 604 1246 satyrii.
621 1227 666 1232 ——

109 1254 182 1292 198.
200 1255 317 1284 Notum
337 1266 375 1284 ex
388 1255 454 1285 Eel.
475 1256 489 1283 Ι
503 1265 666 1293 argumen-

106 1305 156 1335 to,
173 1306 203 1328 et
216 1300 281 1329 Ecl.
300 1301 345 1329 IX
357 1323 365 1337 ,
381 1311 420 1338 27
433 1323 441 1336 ‚
465 1301 517 1330 28.
532 1317 577 1322 -—-
592 1311 663 1340 199.

106 1345 348 1382 VidsEclNH,
378 1356 427 1382 11,
450 1356 499 1382 12,
522 1347 571 1375 13.
587 1348 665 1375 Her-

106 1389 179 1418 b'oso
203 1390 343 1432 flumine
360 1402 370 1420 :
410 1392 548 1421 Mincius
583 1392 666 1421 enim

107 1435 259 1465 arundine
275 1443 306 1465 et
326 1437 393 1476 alga
405 1437 524 1466 obsitus
541 1443 595 1466 est.
620 1454 666 1461 —-·

110 1491 184 1510 200.
216 1481 310 1522 Vulg,
334 1484 472 1518 Desunt,
501 1489 532 1511 et
552 1484 665 1512 rectius

106 1527 217 1556 multo.
235 1543 280 1548 —0-
298 1537 359 1556 201
372 1550 380 1564 ‚
397 1537 473 1557 202.
504 1530 562 1557 Per
589 1538 664 1557 noc-

108 1579 169 1601 tem
200 1574 378 1602 sucerescit.
407 1575 484 1609 Ros,
517 1579 664 1612 tauquam

107 1628 213 1647 caussa
239 1617 404 1647 fertilitatis
431 1627 438 1648 :
466 1618 549 1647 unde
577 1619 664 1654 θῆλυς

107 1662 192 1705 ἐέρση
207 1673 215 1693 :
231 1675 261 1694 v.
289 1674 316 1694 c.
342 1664 444 1694 Graev.
467 1664 507 1693 ad
537 1665 663 1695 Hesiod.

105 1711 154 1740 Sc.
169 1711 209 1739 H.
231 1709 305 1749 395.
322 1711 445 1739 Poetica
460 1709 585 1749 quidem
601 1721 664 1740 am-

105 1753 296 1794 plificatione
317 1755 416 1791 dicta,
445 1766 503 1785 nec
524 1763 627 1785 tamen
649 1767 665 1786 a

105 1810 179 1830 vero
191 1801 283 1841 plane
302 1801 509 1832 abhorrentia.
527 1803 566 1832 cf.
584 1803 663 1833 Plin.

104 1847 199 1876 XVII
208 1868 216 1883 ,
235 1852 255 1882 4
271 1854 350 1877 extr.
363 1849 410 1877 De
427 1848 543 1887 Campo
557 1850 665 1878 Roseae

106 1891 145 1920 ad
165 1886 281 1921 Lacum
302 1893 453 1923 Velinum
475 1903 506 1923 v.
522 1895 607 1924 Serv,
628 1895 667 1924 ad

106 1939 176 1967 AEn.
186 1938 250 1967 VII
260 1959 268 1974 ,
286 1948 302 1975 7
312 1948 324 1967 1
332 1948 362 1974 23
373 1939 464 1969 Cluv.
480 1938 547 1969 Ital.
559 1945 622 1969 ant.
632 1950 664 1979 p.

107 1982 183 2021 679.
193 2000 240 2019 ,-
253 1983 388 2023 Reponic
403 1984 518 2014 Medic.
534 1993 667 2024 reponat

105 2029 256 2059 Rottend.
273 2035 342 2060 tert.

154 2075 217 2103 203
237 2092 284 2098 —-
300 2084 376 2106 211.
391 2075 530 2105 Tandem
548 2075 664 2107 humus

104 2119 189 2159 pulla
201 2131 255 2149 seu
275 2122 362 2161 nigra
373 2144 381 2157 ‚
398 2123 523 2161 pinguis
534 2144 542 2159 ‚
565 2129 595 2151 et
608 2134 664 2162 pu-

103 2165 176 2199 tris,
202 2166 232 2196 h.
252 2167 402 2201 resoluta,
429 2174 548 2205 tenera,
575 2168 663 2199 adee-

717 853 779 884 que
803 842 923 872 solibus
948 848 979 870 et
1008 841 1161 870 imbribus
1188 853 1278 881 pene-

718 889 852 924 trabihs,
877 888 932 928 (v.
963 888 1020 917 Ge.
1043 889 1076 923 Ι,
1107 893 1149 922 44
1170 894 1200 916 et
1220 890 1276 918 inf.

720 936 783 965 262
794 957 802 972 ,
819 935 898 969 2633
913 934 956 975 γῆ
969 931 1064 974 pairh,
1078 931 1192 974 κούφη,
1207 937 1279 963 Iex<

719 980 755 1013 τῆ
767 1004 775 1017 ,
808 976 929 1021 εὔυδρος
940 1001 948 1015 ,
982 974 1116 1013 &diorix
1131 978 1142 1018 )
1169 989 1278 1019 agrum

718 1026 882 1055 frumentis
894 1023 1031 1054 serendis
1043 1024 1190 1054 idoneum
1204 1036 1279 1065 pra*-

718 1072 782 1101 bet.
796 1072 970 1107 Arationis‚
984 1071 1149 1100 consilium
1161 1077 1206 1100 est
1218 1071 1279 1100 hoc

718 1119 831 1158 ipsum,
846 1123 959 1156 utquae
975 1123 1056 1146 terra
1070 1116 1137 1146 talis
1148 1127 1213 1146 non
1227 1118 1276 1149 sit,

717 1163 815 1204 glebis
835 1164 938 1192 fractis
951 1173 985 1191 ac
1007 1163 1207 1192 comminutis
1221 1173 1277 1202 pu-

719 1210 759 1239 tri
785 1209 894 1238 similis
918 1207 1082 1238 efficiatur.
1106 1209 1189 1237 conf.
1216 1208 1276 1237 loc.

719 1255 902 1285 Columella}
917 1255 958 1289 V,
983 1260 1001 1289 4
1013 1277 1020 1291 ‚
1047 1264 1062 1282 2
1073 1275 1081 1290 ‚
1096 1261 1126 1283 et
1138 1253 1278 1283 Dickson

718 1311 749 1340 p.
771 1301 830 1335 148
854 1311 899 1339 sq.
925 1299 1012 1328 Idem
1029 1300 1152 1329 Colum.
1167 1299 1279 1328 diserte

718 1345 750 1376 h.
767 1346 788 1376 l.
802 1347 1021 1386 interpretatus
1035 1351 1080 1374 est
1098 1347 1145 1381 X,
1166 1355 1180 1382 7
1201 1345 1277 1374 Pin-

715 1392 788 1431 guis
803 1402 882 1432 ager
894 1398 1002 1430 putres
1016 1391 1141 1431 glebas,
1167 1391 1280 1419 resolu-

719 1444 814 1476 taque
829 1444 917 1476 terga
936 1436 997 1475 Qui
1011 1435 1108 1476 gerit,
1137 1435 1278 1477 etfhsms

715 1482 864 1522 gracileis
889 1481 1030 1510 imitatur
1055 1492 1181 1511 arenas.
1222 1484 1278 1511 Lo-

719 1538 790 1557 cum
807 1534 877 1556 ante
897 1527 1005 1556 oculos
1019 1526 1157 1556 habuere
1177 1529 1211 1556 in
1229 1529 1279 1556 iis-

716 1571 787 1602 dem
799 1573 962 1613 praeceptis
974 1572 1146 1602 condendis
1156 1573 1278 1604 Colum.

718 1620 766 1653 ΙΙ,
785 1630 802 1648 2
815 1641 824 1656 ,
851 1625 889 1654 4,
913 1625 944 1648 et
964 1617 1002 1647 de
1018 1620 1112 1659 nigro
1136 1619 1241 1649 colore
1257 1620 1277 1659 §

723 1670 761 1699 14
787 1675 853 1704 sqq.
881 1665 961 1694 Pljn.
992 1666 1101 1699 XVII,
1131 1671 1161 1700 4.
1190 1676 1214 1695 S.
1240 1667 1255 1695 3
1270 1676 1277 1701 ;

717 1710 831 1740 Pallad.
841 1710 895 1740 lib.
908 1712 939 1746 Ι,
954 1711 1000 1740 tit.
1014 1710 1043 1739 5.
1059 1710 1170 1739 Tardis
1184 1717 1214 1740 et
1227 1722 1280 1740 na-

717 1761 795 1785 turae
815 1756 912 1786 boum
934 1761 965 1785 et
977 1757 1081 1785 oneris
1093 1757 1254 1786 notionem
1268 1780 1276 1793 ‚

718 1802 858 1842 adeoque
882 1802 1030 1842 plaustri,
1053 1811 1117 1841 quo
1140 1801 1277 1832 frumen-

717 1854 785 1877 tum
799 1859 839 1877 ex
851 1858 924 1888 agro
942 1847 1115 1885 devehitur,
1125 1849 1277 1887 magnitu-

720 1892 827 1923 dinem
839 1894 986 1934 suggerit.

768 1944 844 1974 204.
874 1936 1042 1969 Rimamur
1057 1939 1196 1968 tentabat
1210 1941 1277 1970 JOS.

717 1984 880 2015 Schrader.
892 1984 944 2013 ah'i
961 1984 1134 2022 imitancur,
1143 1984 1194 2014 vel
1212 1984 1280 2014 imi-

717 2037 810 2061 tatur.
827 2047 873 2053 —
884 2031 959 2060 206.
984 2029 1153 2060 Discedere
1168 2030 1278 2070 fragm.

715 2077 830 2106 Moret.
841 2075 1029 2106 descendere
1037 2086 1119 2105 uuus
1127 2076 1279 2106 Menti.—

718 2122 794 2152 203.
805 2121 983 2152 Avertited.
999 2122 1129 2153 Medjol.
1141 2140 1187 2145 —-
1202 2132 1218 2151 2
1227 2133 1278 2151 10.

722 2168 851 2198 Λιίηιιυι
874 2170 954 2198 ven.
976 2167 1112 2208 petivere
1136 2169 1265 2210 Regius.
