1408 2428
72 106 730 122 mmmmmmmxsstuwsus
734 107 1095 120 tmxnnzsmuzxzm
1099 108 1193 120 mm
1198 109 1277 119 nm

262 257 364 314 EX
405 254 1091 316 PRAEFATIONIBUS

472 413 536 446 AB
560 411 672 447 IPSO
702 412 897 447 HEYNIO

76 552 283 596 PRIMAE
317 551 391 594 ET
427 550 726 594 SECUNDAE
762 550 900 593 EDD.
936 550 1278 593 PRAEMISSIS.

408 709 885 732 ψ

544 861 590 865 -
607 845 763 873 Pessimus
779 843 927 879 morbus,
946 850 979 872 ut
999 843 1097 871 multa
1114 853 1153 871 ex
1168 841 1282 871 obscu-

501 897 641 926 rioribus
659 897 854 932 transiliant,
872 898 906 925 in
920 897 992 926 satis
1013 906 1089 924 vero
1108 896 1284 935 perspicuis

501 950 539 979 ad
565 951 725 981 fastidium
754 952 966 982 immorentur
977 974 985 987 ‚
1013 957 1043 979 et
1067 950 1285 990 exspatientur

501 1005 631 1036 scilicet.
647 1007 733 1035 BAco
743 1028 751 1042 ‚
767 1006 807 1035 de
821 1008 995 1045 Augment.
1013 1003 1131 1033 Scienc.
1147 1004 1202 1033 lib.
1216 1004 1262 1031 VI
1275 1025 1283 1040 ,

503 1070 570 1099 cap.
588 1060 618 1089 8.

143 1188 379 1230 DIFFICILE
414 1194 484 1229 est
516 1183 769 1247 Virgilium
808 1193 854 1228 et
888 1185 987 1228 sine
1022 1184 1282 1244 interprete

80 1273 205 1308 recte
238 1263 416 1326 legere,
464 1272 511 1307 et
545 1278 654 1307 cum
689 1264 961 1324 interprete.
1004 1263 1122 1304 Sunt
1156 1260 1283 1303 enim

80 1338 228 1384 multa
258 1340 306 1384 in
341 1338 615 1384 doctissimo
645 1348 807 1401 poeta,
847 1353 953 1399 quse
982 1351 1158 1398 pueros
1186 1351 1282 1379 non

79 1414 223 1459 modo
245 1450 256 1471 ,
305 1414 387 1460 sed
421 1417 549 1459 viros
585 1416 695 1459 satis
735 1422 898 1458 acutos
936 1413 1284 1473 excitatosque,

80 1493 222 1535 etiam
255 1494 304 1535 in
335 1493 536 1554 repetita
562 1490 789 1545 lectione,
824 1499 1012 1544 tenere3
1048 1498 1129 1533 aut
1154 1504 1283 1550 quae,

81 1585 190 1614 cum
224 1585 320 1614 non
355 1570 456 1613 sine
489 1568 748 1613 multarum
783 1582 943 1612 rerum
974 1567 1169 1611 scientia
1198 1580 1286 1609 nec

79 1649 179 1691 sine
200 1645 446 1691 subtiliore
466 1655 512 1691 et
529 1645 726 1691 subacto
740 1643 922 1706 judicio
943 1643 1163 1706 cognosci
1184 1658 1286 1705 pos-

78 1726 172 1770 sint
189 1761 200 1781 ,
220 1725 418 1788 legentis
438 1725 632 1770 oculum
653 1723 816 1787 fugere
838 1723 1019 1768 soleant
1032 1759 1043 1779 ⁷
1066 1722 1285 1784 quamvis

79 1803 173 1846 sint
206 1818 391 1847 summa
419 1818 527 1847 cum
563 1812 661 1846 arte
698 1803 874 1864 posita,
910 1800 1231 1864 pulcherrime
1260 1814 1285 1842 a

80 1890 220 1943 poeta
247 1879 373 1926 dicta
407 1890 454 1925 et
490 1879 549 1926 ad
592 1896 781 1936 sensum
816 1877 1184 1941 jucundissima3
1232 1886 1286 1921 ut

80 1955 197 2002 adeo
221 1957 478 2021 voluptatis
506 1967 553 2002 et
579 1957 797 2002 utilitatis
825 1972 882 2001 ex
908 1956 1113 2000 lectione
1140 1956 1286 2017 perci-

79 2033 262 2097 piendae
287 2033 469 2079 fructus
487 2034 671 2080 liberali
700 2033 815 2078 boni
844 2034 1119 2096 interpretis
1138 2047 1285 2095 opera

80 2127 177 2155 non
212 2127 383 2174 partun
416 2113 513 2156 sive
541 2120 842 2156 maturentur
876 2112 972 2155 sive
1006 2119 1283 2173 augeantur.

54 2194 61 2203 '
81 2190 209 2232 Dum
233 2196 392 2233 tamen
412 2203 522 2234 cum
549 2189 808 2251 interprete
828 2197 1018 2251 poetam
1049 2187 1189 2249 legis,
1209 2188 1287 2231 vix
