1377 2428
513 94 634 123 LIBER
661 93 717 121 IV.

25 157 295 209 Speluncisquc
311 155 412 190 lacus
427 152 591 196 clausos,
607 151 789 199 lucosque
805 146 990 191 sonantis,

24 219 129 261 Ibat,
146 225 183 252 et
198 214 340 264 ingenti
355 220 460 249 motu
476 211 706 260 stupefactus
724 219 925 258 aquarum,

1174 209 1220 232 365

27 276 164 314 Omnia
180 274 249 311 sub
266 285 400 323 magna
414 271 580 308 labentia
600 270 755 306 flumina
771 278 873 305 terra

28 334 233 387 Spectabat
249 334 397 370 diversa
413 332 503 368 locis
514 360 523 377 ,
539 330 783 378 Phasimque,
799 329 1037 375 Lycumque,

29 400 75 434 Et
96 404 209 446 caput
221 423 230 440 ‚
246 393 346 431 unde
365 393 458 428 altus
478 392 641 441 primum
659 403 698 425 se
716 386 882 436 erumpit
899 384 1081 433 Enipeus,

32 456 143 492 Unde
160 462 267 503 pater
285 451 504 495 Tiberinus,
527 458 563 486 et
579 448 680 485 unde
697 447 842 484 Aniena
858 445 1018 488 fluenta,

32 609 120 637 nium
134 616 239 635 rerum
252 603 445 643 principium
460 600 602 629 canebat.

33 654 74 683 cf.
100 652 156 682 inf.
175 662 204 680 v.
233 651 314 686 381,
334 649 416 683 3823
439 653 469 676 et
487 646 547 675 loc.
567 655 606 673 ex

33 699 72 729 Il.
96 708 136 739 φ,
171 697 231 736 195
259 706 304 735 sq.
333 695 423 724 Certe
446 699 538 732 poeta
554 691 606 719 hic

34 755 100 774 -non
115 744 234 773 fontem
250 742 355 776 Penei,
371 749 465 780 quem
479 747 608 777 exspec-

37 791 123 820 tabas
140 788 314 819 secundum
335 797 380 816 vs.
404 786 468 824 319
480 807 487 821 ,
513 782 608 812 tristis

37 837 85 866 ad
101 834 237 865 extremi
252 843 375 863 sacrum
398 838 494 871 caput
508 829 607 859 adsci-

38 882 77 913 tic
94 881 219 917 amnis,
247 879 301 909 sed
327 884 445 908 vastam
472 876 609 915 aliquam

38 939 205 959 cavernam
215 926 365 956 subterra
375 930 489 958 narrat,
501 933 516 951 e
528 932 588 962 qua
599 943 607 957 ,

38 982 188 1015 tanquam
208 984 224 1002 e
241 970 404 1002 communi
426 969 531 1005 fonte,
556 967 611 996 sed

40 1021 174 1051 diversis
189 1018 332 1060 partibus
346 1026 380 1046 ac
394 1016 486 1052 locis,
504 1014 611 1043 omnia

44 1067 175 1097 flumina
192 1072 259 1095 orta
274 1063 404 1093 diversis
420 1062 478 1091 viis
496 1060 535 1089 ad
551 1067 611 1089 ter-

41 1123 84 1143 rae
96 1110 295 1152 superficiem
311 1116 343 1138 et
359 1108 397 1137 ad
410 1118 498 1136 suam
516 1105 613 1146 quod-

42 1169 104 1200 que
131 1158 289 1199 originem*
311 1160 501 1196 properent,
519 1159 550 1181 et
571 1163 612 1181 ex

42 1212 124 1234 terra
138 1203 301 1245 prodeant.
318 1204 374 1232 Est
388 1208 491 1230 tamen
504 1198 612 1228 eadem

0 1271 1 1274 =
40 1253 101 1280 ista
120 1260 253 1280 caverna
273 1255 422 1288 tanquam
440 1245 542 1285 aliqua
564 1255 612 1274 re-

1 1333 3 1336 ,
39 1298 110 1341 gia,
136 1298 169 1327 in
185 1306 248 1337 qua
262 1295 307 1325 dij
322 1293 432 1330 fluvii,
459 1292 612 1321 fontium-

0 1367 3 1387 ¹.
43 1356 106 1386 que
120 1342 278 1385 Nymphae
290 1364 298 1379 ,
320 1351 374 1370 sua
391 1339 520 1380 palatia,
539 1348 613 1367 suos

0 1409 1 1414 =
43 1391 196 1421 thalamos
205 1389 351 1423 habeant,
363 1395 499 1426 quorum
510 1395 612 1413 unum

0 1430 2 1452 ἶ
47 1438 171 1478 Cyrene
188 1445 262 1465 cum
279 1435 342 1463 suis
354 1431 512 1473 Nymphis
526 1438 612 1460 tene-

0 1499 2 1512 :
46 1484 110 1514 hat.
122 1481 301 1513 Secundum
313 1479 381 1509 haec
391 1478 479 1507 facile
493 1478 552 1506 erit
564 1478 612 1506 in-

0 1529 3 1557 ?
47 1530 176 1559 tellecta
188 1550 196 1565 ,
214 1527 292 1568 quid
314 1527 376 1555 sint
396 1523 553 1565 speluncis
566 1523 613 1552 Ia-

0 1599 3 1609 .
48 1587 102 1606 cus
121 1574 239 1611 clausi,
264 1585 288 1603 s.
305 1571 439 1608 inclusi,
465 1571 521 1610 qui
539 1575 614 1599 sunt

0 1619 3 1626 '
47 1623 82 1652 in
101 1621 278 1662 speluncis,
302 1619 334 1649 h.
357 1627 477 1659 magnae
489 1616 551 1646 illae
564 1626 613 1645 ca-

5 1671 6 1709 ]
48 1679 154 1698 vernae
168 1664 355 1706 recipiendis
368 1665 467 1704 aquis;
481 1673 558 1703 quas
568 1663 614 1702 ip-

47 1715 76 1744 si
90 1714 192 1744 fontes
213 1712 416 1742 scaturientes
439 1710 567 1745 faciunt,
584 1715 614 1737 et

6 1754 7 1761 ἵ
48 1761 134 1790 uude
152 1769 232 1799 aqua
246 1767 437 1798 exsuperans
450 1756 549 1785 amnis
565 1753 612 1784 fit.

6 1835 7 1841 ,
48 1809 121 1837 AEn.
135 1807 214 1837 VIII
226 1829 234 1843 ,
251 1811 310 1843 74,
329 1804 368 1842 75
386 1803 424 1832 de
439 1802 591 1833 Tiberino
606 1811 613 1831 :

6 1868 8 1877 κ
52 1855 121 1893 Quo
147 1860 176 1882 te
204 1861 327 1892 cunque
351 1850 498 1879 lacus—
516 1850 616 1877 Fonte

6 1896 8 1919 Ῑ
50 1906 155 1935 tenet,
179 1907 365 1938 quocunque
386 1895 453 1924 solo
471 1892 616 1934 pulcher-

52 1945 148 1974 rimus
169 1943 249 1974 exis.
275 1941 375 1972 Addit
394 1941 479 1970 lucos
502 1950 617 1969 sonan-

52 1999 119 2027 tes;
143 2001 217 2019 cum
240 2000 280 2019 ex
300 1988 362 2017 illis
384 1987 524 2016 cavernis
548 1992 617 2015 orta

53 2036 184 2066 flumina
220 2034 392 2076 procedant
423 2033 619 2072 aliquantum

53 2084 112 2113 viae
127 2083 234 2112 subter
248 2089 328 2112 terra
340 2103 348 2117 ,
362 2079 463 2109 donec
477 2079 515 2107 ad
529 2088 619 2117 supe-

55 2139 104 2158 ras
130 2139 218 2158 auras
241 2127 396 2168 prodeant
413 2125 489 2154 huic
508 2126 566 2153 viae
588 2123 623 2152 li-

55 2182 123 2205 tora
140 2170 322 2205 nemoribus
335 2172 446 2208 obsita,
461 2181 532 2211 quae
547 2177 623 2199 stre-

54 2223 124 2262 pitu
152 2231 303 2262 aquarum
329 2218 515 2249 alluentium
543 2226 624 2253 reso-

658 604 753 631 nant,
781 606 846 625 non
867 592 1067 623 incommode
1087 591 1154 620 dari
1178 602 1230 630 po-

659 650 757 672 tuere.
783 641 886 671 Aliter
905 639 968 668 luci
984 646 1135 667 sonantes
1153 637 1229 666 dieti

660 695 749 718 erant
772 687 839 717 Ecl.
866 689 915 721 X,
950 685 1002 715 58.
1021 685 1149 714 Serxius
1172 684 1230 711 mi-

660 745 727 764 ram
749 734 801 763 hic
825 738 934 762 notam
958 730 1052 760 habet
1070 740 1076 760 :
1095 730 1173 758 Haec
1186 745 1231 750 ——

661 791 704 810 ex
719 779 879 821 AEgv‘lm'l's
902 785 1005 807 tracta
1027 782 1100 805 sunt
1115 775 1232 804 sacris.-

663 838 739 856 nam
754 825 844 855 certis
861 824 978 859 diebus,
993 823 1025 852 in
1039 821 1137 851 sacris
1151 820 1231 853 Nili,

656 872 752 914 pueri
765 872 804 901 de
824 870 922 900 sacris
934 868 1122 910 parentibus
1140 867 1229 900 nati,

663 931 683 949 α
699 917 911 948 sacerdotibus
936 913 1094 955 Dsymphis
1108 913 1231 942 daban-

664 973 730 995 tur:
738 965 794 1005 qui
803 975 873 993 cum
884 962 1106 996 adolevissent,
1118 959 1236 990 redditi

665 1010 860 1046 narrabant,
877 1010 963 1039 lucos
980 1019 1044 1037 esse
1060 1006 1114 1035 sub
1130 1005 1230 1037 terris,

665 1065 696 1088 ec
709 1057 898 1087 immensam
911 1065 1030 1095 aquam
1043 1052 1153 1083 omnia
1163 1062 1234 1081 con-

666 1104 819 1133 tinentem
830 1125 838 1140 ,
868 1112 910 1131 ex
938 1112 1002 1142 qua
1026 1107 1141 1129 cuncta
1159 1108 1235 1139 pro-

665 1157 822 1180 creantur.
852 1148 942 1178 Unde
961 1155 1008 1176 esc
1029 1145 1111 1176 illud
1131 1155 1235 1174 secun·
1255 1169 1262 1174 ,

665 1197 739 1225 dum
758 1195 908 1230 Thaleta,
925 1194 982 1224 inf.
997 1204 1027 1223 v,
1045 1193 1122 1229 382,
1137 1192 1234 1220 Ocea-

666 1253 804 1283 numque
817 1248 944 1282 patrem
958 1250 1072 1269 rerum.

714 1290 790 1327 367.
820 1286 971 1318 Flumina
995 1285 1118 1315 diversa
1148 1283 1236 1318 locis,

665 1336 753 1377 quod
768 1338 801 1365 in
814 1333 951 1375 pedestri
966 1341 1126 1367 sermone,
1141 1329 1240 1358 diver-

666 1383 708 1413 sis
732 1381 819 1412 locis.
847 1382 946 1419 Lycus
971 1379 1003 1408 h.
1026 1378 1047 1408 1.
1065 1377 1158 1407 Ponti
1181 1374 1239 1404 flu-

666 1431 746 1466 vius,
762 1429 838 1468 quia
854 1437 925 1456 cum
944 1423 1093 1459 Phaside,
1113 1421 1239 1452 Colchi-

667 1475 724 1505 dos
737 1475 782 1511 ss.3
795 1474 925 1511 junctus
941 1478 996 1507 est,
1011 1478 1047 1500 ut
1059 1468 1144 1510 apud
1159 1470 1239 1498 Stra-

665 1522 742 1551 bon.
762 1522 820 1556 XI,
838 1530 908 1560 pag.
931 1519 992 1547 801
1011 1518 1045 1553 B,
1061 1522 1091 1544 et
1105 1521 1239 1553 uterque

666 1569 700 1597 in
717 1570 855 1598 Pontum
870 1565 1033 1594 Euxinum
1045 1572 1075 1591 se
1085 1560 1238 1590 immittit.

667 1614 808 1654 Enipeus
825 1610 1002 1645 Thessaliae,
1013 1606 1160 1646 Hypanis
1174 1608 1240 1636 Sar-

666 1661 769 1689 matiae
780 1681 788 1695 ,
805 1667 893 1686 nunc
920 1658 989 1695 Bog
1011 1653 1131 1682 dictum
1141 1674 1149 1688 ,
1163 1659 1238 1681 nota

666 1706 808 1735 flumina.
819 1719 864 1726 -——
874 1702 950 1731 368.
962 1699 1086 1729 Primus
1096 1709 1128 1727 se
1139 1708 1240 1727 erum-

660 1751 731 1792 pit,
750 1749 866 1781 Medic,
889 1746 1013 1777 Primus
1032 1744 1170 1784 erumpit
1183 1746 1241 1773 Re-

667 1799 734 1839 gius
762 1796 904 1826 Martini.
935 1792 1076 1822 Primum
1107 1789 1243 1830 erumpit

667 1854 715 1884 pr.
730 1840 953 1874 Rottend.duo
961 1840 1077 1869 Movet.
1092 1848 1139 1878 pr.
1148 1839 1240 1866 Voss.

669 1893 716 1920 Ita
730 1889 823 1919 Pierii
839 1886 957 1917 Medic.
977 1896 992 1914 a
1008 1895 1050 1915 m.
1068 1894 1116 1924 pr.
1138 1890 1170 1912 et
1185 1882 1241 1912 ob-

668 1937 799 1975 longus,
816 1935 891 1963 item
908 1931 1005 1962 Goth.
1022 1941 1083 1960 sec.
1100 1929 1242 1960 Primum

671 1981 773 2022 erupit
795 1991 843 2020 pr.
864 1981 956 2009 Voss.
983 1985 1013 2007 et
1036 1987 1119 2006 unus
1135 1975 1240 2005 Mead.

672 2030 715 2059 At
728 2027 885 2068 vulgatam
902 2026 1071 2055 lectionem
1084 2045 1091 2059 ,
1103 2021 1243 2063 primum

672 2086 704 2104 se
739 2072 875 2112 erumpit
886 2095 894 2108 ,
926 2069 1093 2101 confirmat
1124 2067 1242 2098 Medic.

676 2132 748 2150 cum
765 2120 842 2149 aliis.
859 2135 906 2141 -—-
918 2118 1021 2158 Caput
1031 2116 1064 2146 h.
1083 2115 1105 2145 l.
1122 2115 1194 2144 fons
1213 2125 1243 2143 τ,

677 2167 716 2197 ad
740 2179 770 2197 v.
793 2167 868 2205 319.
883 2165 1015 2203 --369.
1040 2161 1130 2191 Unde
1153 2167 1248 2200 caput

676 2225 760 2244 unus
773 2212 878 2244 Mead.
904 2229 949 2235 —
964 2212 1019 2240 Vs.
1041 2210 1103 2246 370
1115 2207 1249 2249 praemi!-
