<?xml version="1.0" encoding="UTF-8"?>
<!DOCTYPE html PUBLIC "-//W3C//DTD XHTML 1.0 Transitional//EN"
    "http://www.w3.org/TR/xhtml1/DTD/xhtml1-transitional.dtd">
<html xmlns="http://www.w3.org/1999/xhtml" xml:lang="en" lang="en">
 <head>
  <title>
</title>
<meta http-equiv="Content-Type" content="text/html;charset=utf-8" />
  <meta name='ocr-system' content='tesseract 3.04.00' />
  <meta name='ocr-capabilities' content='ocr_page ocr_carea ocr_par ocr_line ocrx_word'/>
</head>
<body>
  <div class='ocr_page' id='page_1' title='image "./operahey01virguoft_0121.png"; bbox 0 0 1408 2428; ppageno 0'>
   <div class='ocr_carea' id='block_1_1' title="bbox 383 73 1281 113">
    <p class='ocr_par' dir='ltr' id='par_1_1' title="bbox 383 73 1281 113">
     <span class='ocr_line' id='line_1_1' title="bbox 383 73 1281 113; baseline -0.001 -8"><span class='ocrx_word' id='word_1_1' title='bbox 383 74 599 105; x_wconf 80' lang='lat' dir='ltr'><strong>EXCURSUS</strong></span> <span class='ocrx_word' id='word_1_2' title='bbox 624 74 683 102; x_wconf 81' lang='lat' dir='ltr'>AD</span> <span class='ocrx_word' id='word_1_3' title='bbox 709 73 917 102; x_wconf 77' lang='lat' dir='ltr'>ECLOGAM</span> <span class='ocrx_word' id='word_1_4' title='bbox 940 74 998 102; x_wconf 85' lang='lat' dir='ltr'>VI.</span> <span class='ocrx_word' id='word_1_5' title='bbox 1245 83 1281 113; x_wconf 57' lang='grc' dir='ltr'>ὅς</span> 
     </span>
    </p>
   </div>
   <div class='ocr_carea' id='block_1_2' title="bbox 77 130 1289 334">
    <p class='ocr_par' dir='ltr' id='par_1_2' title="bbox 77 130 1289 334">
     <span class='ocr_line' id='line_1_2' title="bbox 86 130 1289 174; baseline 0 -11"><span class='ocrx_word' id='word_1_6' title='bbox 86 135 164 163; x_wconf 84' lang='lat' dir='ltr'>Met.</span> <span class='ocrx_word' id='word_1_7' title='bbox 179 134 259 164; x_wconf 85' lang='lat' dir='ltr'>XIII</span> <span class='ocrx_word' id='word_1_8' title='bbox 271 156 279 170; x_wconf 92' lang='lat'><strong><em>‚</em></strong></span> <span class='ocrx_word' id='word_1_9' title='bbox 300 143 314 171; x_wconf 83' lang='lat'><strong>7</strong></span> <span class='ocrx_word' id='word_1_10' title='bbox 324 134 363 162; x_wconf 80' lang='lat'>32</span> <span class='ocrx_word' id='word_1_11' title='bbox 380 133 445 162; x_wconf 81' lang='lat' dir='ltr'>Illa</span> <span class='ocrx_word' id='word_1_12' title='bbox 462 131 546 173; x_wconf 84' lang='lat' dir='ltr'>seris</span> <span class='ocrx_word' id='word_1_13' title='bbox 565 140 669 161; x_wconf 78' lang='lat' dir='ltr'>atram</span> <span class='ocrx_word' id='word_1_14' title='bbox 683 131 813 160; x_wconf 77' lang='lat' dir='ltr'>canibus</span> <span class='ocrx_word' id='word_1_15' title='bbox 826 130 1017 173; x_wconf 75' lang='lat' dir='ltr'>succingitur</span> <span class='ocrx_word' id='word_1_16' title='bbox 1029 132 1133 162; x_wconf 69' lang='lat' dir='ltr'>alvum</span> <span class='ocrx_word' id='word_1_17' title='bbox 1151 133 1289 174; x_wconf 63' lang='lat' dir='ltr'>Virginis</span> 
     </span>
     <span class='ocr_line' id='line_1_3' title="bbox 86 186 1287 230; baseline 0 -12"><span class='ocrx_word' id='word_1_18' title='bbox 86 199 143 218; x_wconf 85' lang='lat' dir='ltr'>ora</span> <span class='ocrx_word' id='word_1_19' title='bbox 155 199 290 230; x_wconf 54' lang='grc' dir='ltr'>ἔπιπτε,-</span> <span class='ocrx_word' id='word_1_20' title='bbox 306 188 424 218; x_wconf 87' lang='lat' dir='ltr'>Tibull.</span> <span class='ocrx_word' id='word_1_21' title='bbox 438 188 502 223; x_wconf 75' lang='grc' dir='ltr'>ΙΙΙ,</span> <span class='ocrx_word' id='word_1_22' title='bbox 522 193 552 224; x_wconf 73' lang='grc'>4,</span> <span class='ocrx_word' id='word_1_23' title='bbox 569 187 611 226; x_wconf 83' lang='grc'>89</span> <span class='ocrx_word' id='word_1_24' title='bbox 627 187 771 225; x_wconf 67' lang='lat' dir='ltr'>Squlave</span> <span class='ocrx_word' id='word_1_25' title='bbox 784 186 966 228; x_wconf 62' lang='lat' dir='ltr'>‘virgineam</span> <span class='ocrx_word' id='word_1_26' title='bbox 983 186 1113 216; x_wconf 71' lang='lat' dir='ltr'>canibus</span> <span class='ocrx_word' id='word_1_27' title='bbox 1129 188 1287 218; x_wconf 72' lang='lat' dir='ltr'>succincta</span> 
     </span>
     <span class='ocr_line' id='line_1_4' title="bbox 77 240 1286 283; baseline 0.002 -14"><span class='ocrx_word' id='word_1_28' title='bbox 77 241 234 283; x_wconf 71' lang='lat' dir='ltr'>figuram.</span> <span class='ocrx_word' id='word_1_29' title='bbox 251 243 306 270; x_wconf 74' lang='lat' dir='ltr'>Est</span> <span class='ocrx_word' id='word_1_30' title='bbox 324 240 400 270; x_wconf 82' lang='lat' dir='ltr'>adeo</span> <span class='ocrx_word' id='word_1_31' title='bbox 415 240 521 269; x_wconf 82' lang='lat' dir='ltr'>fabula</span> <span class='ocrx_word' id='word_1_32' title='bbox 533 240 601 269; x_wconf 82' lang='lat' dir='ltr'>haec</span> <span class='ocrx_word' id='word_1_33' title='bbox 619 251 659 269; x_wconf 77' lang='lat' dir='ltr'>ex</span> <span class='ocrx_word' id='word_1_34' title='bbox 676 250 713 269; x_wconf 88' lang='lat' dir='ltr'>eo</span> <span class='ocrx_word' id='word_1_35' title='bbox 733 251 844 280; x_wconf 78' lang='lat' dir='ltr'>genere</span> <span class='ocrx_word' id='word_1_36' title='bbox 856 264 864 277; x_wconf 81' lang='grc'><em>,</em></span> <span class='ocrx_word' id='word_1_37' title='bbox 884 242 918 270; x_wconf 87' lang='lat' dir='ltr'>in</span> <span class='ocrx_word' id='word_1_38' title='bbox 934 251 998 281; x_wconf 89' lang='lat' dir='ltr'>quo</span> <span class='ocrx_word' id='word_1_39' title='bbox 1018 240 1176 271; x_wconf 84' lang='lat' dir='ltr'>artificum</span> <span class='ocrx_word' id='word_1_40' title='bbox 1198 244 1286 283; x_wconf 80' lang='lat' dir='ltr'>inge-</span> 
     </span>
     <span class='ocr_line' id='line_1_5' title="bbox 89 293 1111 334; baseline 0 -10"><span class='ocrx_word' id='word_1_41' title='bbox 89 296 140 324; x_wconf 83' lang='lat' dir='ltr'>nia</span> <span class='ocrx_word' id='word_1_42' title='bbox 159 295 326 334; x_wconf 78' lang='lat' dir='ltr'>pristinam</span> <span class='ocrx_word' id='word_1_43' title='bbox 342 295 476 323; x_wconf 83' lang='lat' dir='ltr'>monstri</span> <span class='ocrx_word' id='word_1_44' title='bbox 493 293 626 323; x_wconf 84' lang='lat' dir='ltr'>formam</span> <span class='ocrx_word' id='word_1_45' title='bbox 646 294 679 322; x_wconf 86' lang='lat' dir='ltr'>in</span> <span class='ocrx_word' id='word_1_46' title='bbox 696 293 920 331; x_wconf 59' lang='lat' dir='ltr'>jucundiorem</span> <span class='ocrx_word' id='word_1_47' title='bbox 936 301 1111 324; x_wconf 80' lang='lat' dir='ltr'>mutarunt.</span> 
     </span>
    </p>
   </div>
   <div class='ocr_carea' id='block_1_3' title="bbox 84 361 1293 940">
    <p class='ocr_par' dir='ltr' id='par_1_3' title="bbox 84 361 1293 940">
     <span class='ocr_line' id='line_1_6' title="bbox 132 361 1291 402; baseline -0.002 -9"><span class='ocrx_word' id='word_1_48' title='bbox 132 365 171 392; x_wconf 92' lang='lat' dir='ltr'>In</span> <span class='ocrx_word' id='word_1_49' title='bbox 190 363 238 392; x_wconf 88' lang='lat' dir='ltr'>his</span> <span class='ocrx_word' id='word_1_50' title='bbox 252 374 286 393; x_wconf 84' lang='lat' dir='ltr'>ac</span> <span class='ocrx_word' id='word_1_51' title='bbox 299 363 455 393; x_wconf 80' lang='lat' dir='ltr'>similibus</span> <span class='ocrx_word' id='word_1_52' title='bbox 468 362 549 392; x_wconf 84' lang='lat' dir='ltr'><strong>nihil</strong></span> <span class='ocrx_word' id='word_1_53' title='bbox 565 370 621 399; x_wconf 84' lang='lat' dir='ltr'>est,</span> <span class='ocrx_word' id='word_1_54' title='bbox 637 362 723 402; x_wconf 88' lang='lat' dir='ltr'>quod</span> <span class='ocrx_word' id='word_1_55' title='bbox 736 362 864 392; x_wconf 67' lang='lat' dir='ltr'>haereas.</span> <span class='ocrx_word' id='word_1_56' title='bbox 881 364 1002 392; x_wconf 83' lang='lat' dir='ltr'>Verum</span> <span class='ocrx_word' id='word_1_57' title='bbox 1018 361 1238 392; x_wconf 78' lang='lat' dir='ltr'>difficultatem</span> <span class='ocrx_word' id='word_1_58' title='bbox 1252 364 1291 391; x_wconf 65' lang='lat' dir='ltr'>fa:-</span> 
     </span>
     <span class='ocr_line' id='line_1_7' title="bbox 89 414 1292 457; baseline -0.002 -12"><span class='ocrx_word' id='word_1_59' title='bbox 89 427 163 446; x_wconf 84' lang='lat' dir='ltr'>cere</span> <span class='ocrx_word' id='word_1_60' title='bbox 177 424 282 457; x_wconf 87' lang='lat' dir='ltr'>potest</span> <span class='ocrx_word' id='word_1_61' title='bbox 295 428 329 446; x_wconf 80' lang='lat' dir='ltr'>ea</span> <span class='ocrx_word' id='word_1_62' title='bbox 348 418 466 457; x_wconf 83' lang='lat' dir='ltr'>species</span> <span class='ocrx_word' id='word_1_63' title='bbox 483 428 544 457; x_wconf 80' lang='lat' dir='ltr'>qua</span> <span class='ocrx_word' id='word_1_64' title='bbox 558 418 594 446; x_wconf 85' lang='lat' dir='ltr'>in</span> <span class='ocrx_word' id='word_1_65' title='bbox 613 423 753 446; x_wconf 79' lang='lat' dir='ltr'>extrema</span> <span class='ocrx_word' id='word_1_66' title='bbox 771 416 913 456; x_wconf 85' lang='lat' dir='ltr'>eorporis</span> <span class='ocrx_word' id='word_1_67' title='bbox 925 423 1013 455; x_wconf 84' lang='lat' dir='ltr'>parte</span> <span class='ocrx_word' id='word_1_68' title='bbox 1032 414 1206 455; x_wconf 73' lang='lat' dir='ltr'><em>delphines,</em></span> <span class='ocrx_word' id='word_1_69' title='bbox 1227 416 1292 456; x_wconf 67' lang='lat' dir='ltr'>lupi</span> 
     </span>
     <span class='ocr_line' id='line_1_8' title="bbox 86 467 1284 509; baseline -0.002 -10"><span class='ocrx_word' id='word_1_70' title='bbox 86 478 117 499; x_wconf 81' lang='lat' dir='ltr'>ec</span> <span class='ocrx_word' id='word_1_71' title='bbox 133 481 242 507; x_wconf 77' lang='lat' dir='ltr'>canes,</span> <span class='ocrx_word' id='word_1_72' title='bbox 262 481 325 499; x_wconf 87' lang='lat' dir='ltr'>una</span> <span class='ocrx_word' id='word_1_73' title='bbox 345 471 503 500; x_wconf 83' lang='lat' dir='ltr'>commissi</span> <span class='ocrx_word' id='word_1_74' title='bbox 522 477 553 499; x_wconf 87' lang='lat' dir='ltr'>et</span> <span class='ocrx_word' id='word_1_75' title='bbox 571 470 735 508; x_wconf 85' lang='lat' dir='ltr'>conjuncti</span> <span class='ocrx_word' id='word_1_76' title='bbox 754 467 932 509; x_wconf 81' lang='lat' dir='ltr'>finguntur.</span> <span class='ocrx_word' id='word_1_77' title='bbox 950 470 987 497; x_wconf 88' lang='lat' dir='ltr'>In</span> <span class='ocrx_word' id='word_1_78' title='bbox 1001 477 1284 508; x_wconf 74' lang='lat' dir='ltr'>versu:postremcc</span> 
     </span>
     <span class='ocr_line' id='line_1_9' title="bbox 89 522 1289 565; baseline -0.001 -13"><span class='ocrx_word' id='word_1_79' title='bbox 89 523 230 553; x_wconf 82' lang='lat' dir='ltr'>immani</span> <span class='ocrx_word' id='word_1_80' title='bbox 241 535 370 565; x_wconf 78' lang='lat' dir='ltr'>corpore</span> <span class='ocrx_word' id='word_1_81' title='bbox 381 524 500 564; x_wconf 62' lang='lat' dir='ltr'>pistrix</span> <span class='ocrx_word' id='word_1_82' title='bbox 515 523 709 563; x_wconf 76' lang='lat' dir='ltr'><em>Delphinum</em></span> <span class='ocrx_word' id='word_1_83' title='bbox 725 523 846 552; x_wconf 79' lang='lat' dir='ltr'>caudas</span> <span class='ocrx_word' id='word_1_84' title='bbox 861 530 948 551; x_wconf 81' lang='lat' dir='ltr'>utero</span> <span class='ocrx_word' id='word_1_85' title='bbox 962 522 1129 551; x_wconf 78' lang='lat' dir='ltr'>commissa</span> <span class='ocrx_word' id='word_1_86' title='bbox 1146 523 1289 562; x_wconf 75' lang='lat' dir='ltr'>luporum</span> 
     </span>
     <span class='ocr_line' id='line_1_10' title="bbox 89 576 1291 618; baseline 0 -13"><span class='ocrx_word' id='word_1_87' title='bbox 89 576 278 618; x_wconf 82' lang='lat' dir='ltr'>ambiguum</span> <span class='ocrx_word' id='word_1_88' title='bbox 291 584 336 607; x_wconf 85' lang='lat' dir='ltr'>est</span> <span class='ocrx_word' id='word_1_89' title='bbox 346 602 353 615; x_wconf 78' lang='lat'><em>⁷</em></span> <span class='ocrx_word' id='word_1_90' title='bbox 369 579 482 617; x_wconf 67' lang='lat' dir='ltr'>pistrix</span> <span class='ocrx_word' id='word_1_91' title='bbox 492 600 500 615; x_wconf 83' lang='lat'>‚</span> <span class='ocrx_word' id='word_1_92' title='bbox 515 585 624 606; x_wconf 85' lang='lat' dir='ltr'>utrum</span> <span class='ocrx_word' id='word_1_93' title='bbox 639 578 678 606; x_wconf 87' lang='lat' dir='ltr'>sit</span> <span class='ocrx_word' id='word_1_94' title='bbox 690 586 697 606; x_wconf 87' lang='lat'><strong>:</strong></span> <span class='ocrx_word' id='word_1_95' title='bbox 708 587 779 616; x_wconf 78' lang='lat' dir='ltr'>quae</span> <span class='ocrx_word' id='word_1_96' title='bbox 800 577 979 606; x_wconf 85' lang='lat' dir='ltr'>commissas</span> <span class='ocrx_word' id='word_1_97' title='bbox 998 576 1092 606; x_wconf 80' lang='lat' dir='ltr'>habet</span> <span class='ocrx_word' id='word_1_98' title='bbox 1108 576 1291 616; x_wconf 72' lang='lat' dir='ltr'>delphinum</span> 
     </span>
     <span class='ocr_line' id='line_1_11' title="bbox 93 630 1291 671; baseline 0.001 -12"><span class='ocrx_word' id='word_1_99' title='bbox 93 631 215 660; x_wconf 63' lang='lat' dir='ltr'>caudas·</span> <span class='ocrx_word' id='word_1_100' title='bbox 224 639 311 660; x_wconf 75' lang='lat' dir='ltr'>utero</span> <span class='ocrx_word' id='word_1_101' title='bbox 322 632 481 671; x_wconf 77' lang='lat' dir='ltr'>luporum,</span> <span class='ocrx_word' id='word_1_102' title='bbox 497 642 536 660; x_wconf 81' lang='lat' dir='ltr'>an</span> <span class='ocrx_word' id='word_1_103' title='bbox 550 632 693 671; x_wconf 81' lang='lat' dir='ltr'>luporum</span> <span class='ocrx_word' id='word_1_104' title='bbox 704 631 825 659; x_wconf 77' lang='lat' dir='ltr'>caudas</span> <span class='ocrx_word' id='word_1_105' title='bbox 835 630 1019 669; x_wconf 77' lang='lat' dir='ltr'><em>delphinum</em></span> <span class='ocrx_word' id='word_1_106' title='bbox 1030 638 1127 660; x_wconf 72' lang='lat' dir='ltr'>utero,</span> <span class='ocrx_word' id='word_1_107' title='bbox 1137 632 1291 662; x_wconf 82' lang='lat' dir='ltr'>Neutram</span> 
     </span>
     <span class='ocr_line' id='line_1_12' title="bbox 90 684 1290 726; baseline 0.001 -13"><span class='ocrx_word' id='word_1_108' title='bbox 90 695 144 724; x_wconf 87' lang='lat' dir='ltr'>spe</span> <span class='ocrx_word' id='word_1_109' title='bbox 151 686 231 714; x_wconf 87' lang='lat' dir='ltr'>ciem</span> <span class='ocrx_word' id='word_1_110' title='bbox 246 686 335 714; x_wconf 76' lang='lat' dir='ltr'>facile</span> <span class='ocrx_word' id='word_1_111' title='bbox 351 684 449 726; x_wconf 78' lang='lat' dir='ltr'>fingat</span> <span class='ocrx_word' id='word_1_112' title='bbox 465 685 525 714; x_wconf 89' lang='lat' dir='ltr'>sibi</span> <span class='ocrx_word' id='word_1_113' title='bbox 541 685 653 724; x_wconf 83' lang='lat' dir='ltr'>aliquis</span> <span class='ocrx_word' id='word_1_114' title='bbox 666 685 788 721; x_wconf 81' lang='lat' dir='ltr'>animo,</span> <span class='ocrx_word' id='word_1_115' title='bbox 802 685 948 724; x_wconf 87' lang='lat' dir='ltr'>inprimis</span> <span class='ocrx_word' id='word_1_116' title='bbox 965 685 990 713; x_wconf 88' lang='lat' dir='ltr'>si</span> <span class='ocrx_word' id='word_1_117' title='bbox 1006 685 1167 726; x_wconf 71' lang='lat' dir='ltr'>vulgarem</span> <span class='ocrx_word' id='word_1_118' title='bbox 1178 686 1290 725; x_wconf 52' lang='lat' dir='ltr'>Scy-llae</span> 
     </span>
     <span class='ocr_line' id='line_1_13' title="bbox 84 738 1291 778; baseline 0 -11"><span class='ocrx_word' id='word_1_119' title='bbox 84 739 135 767; x_wconf 88' lang='lat' dir='ltr'>for</span> <span class='ocrx_word' id='word_1_120' title='bbox 143 749 225 767; x_wconf 84' lang='lat' dir='ltr'>mam</span> <span class='ocrx_word' id='word_1_121' title='bbox 245 741 278 767; x_wconf 91' lang='lat' dir='ltr'>in</span> <span class='ocrx_word' id='word_1_122' title='bbox 297 740 408 778; x_wconf 76' lang='lat' dir='ltr'>priscis</span> <span class='ocrx_word' id='word_1_123' title='bbox 427 739 642 769; x_wconf 79' lang='lat' dir='ltr'>monumentis</span> <span class='ocrx_word' id='word_1_124' title='bbox 663 745 807 778; x_wconf 80' lang='lat' dir='ltr'>reputet,</span> <span class='ocrx_word' id='word_1_125' title='bbox 826 739 860 766; x_wconf 91' lang='lat' dir='ltr'>in</span> <span class='ocrx_word' id='word_1_126' title='bbox 879 738 996 777; x_wconf 84' lang='lat' dir='ltr'>quibus</span> <span class='ocrx_word' id='word_1_127' title='bbox 1014 749 1048 767; x_wconf 83' lang='lat' dir='ltr'>ea</span> <span class='ocrx_word' id='word_1_128' title='bbox 1061 739 1094 767; x_wconf 87' lang='lat' dir='ltr'>in</span> <span class='ocrx_word' id='word_1_129' title='bbox 1106 738 1291 778; x_wconf 82' lang='lat' dir='ltr'>delphinum</span> 
     </span>
     <span class='ocr_line' id='line_1_14' title="bbox 89 791 1291 832; baseline 0 -11"><span class='ocrx_word' id='word_1_130' title='bbox 89 792 207 822; x_wconf 79' lang='lat' dir='ltr'>caudas</span> <span class='ocrx_word' id='word_1_131' title='bbox 224 793 339 822; x_wconf 88' lang='lat' dir='ltr'>desinit</span> <span class='ocrx_word' id='word_1_132' title='bbox 347 817 354 830; x_wconf 88' lang='lat'>‚</span> <span class='ocrx_word' id='word_1_133' title='bbox 374 793 505 822; x_wconf 81' lang='lat' dir='ltr'>canibus</span> <span class='ocrx_word' id='word_1_134' title='bbox 519 803 559 821; x_wconf 79' lang='lat' dir='ltr'>ex</span> <span class='ocrx_word' id='word_1_135' title='bbox 569 799 660 822; x_wconf 83' lang='lat' dir='ltr'>utero</span> <span class='ocrx_word' id='word_1_136' title='bbox 670 792 782 820; x_wconf 80' lang='lat' dir='ltr'><strong>subtus</strong></span> <span class='ocrx_word' id='word_1_137' title='bbox 792 791 1037 831; x_wconf 78' lang='lat' dir='ltr'>prodeuntibus.</span> <span class='ocrx_word' id='word_1_138' title='bbox 1048 794 1157 832; x_wconf 86' lang='lat' dir='ltr'>Itaque</span> <span class='ocrx_word' id='word_1_139' title='bbox 1170 795 1291 822; x_wconf 72' lang='lat' dir='ltr'>tertiam</span> 
     </span>
     <span class='ocr_line' id='line_1_15' title="bbox 93 844 1293 887; baseline 0 -11"><span class='ocrx_word' id='word_1_140' title='bbox 93 848 234 887; x_wconf 81' lang='lat' dir='ltr'>aliquam</span> <span class='ocrx_word' id='word_1_141' title='bbox 251 848 405 876; x_wconf 79' lang='lat' dir='ltr'>rationem</span> <span class='ocrx_word' id='word_1_142' title='bbox 422 848 580 886; x_wconf 83' lang='lat' dir='ltr'>ingressus</span> <span class='ocrx_word' id='word_1_143' title='bbox 599 856 669 874; x_wconf 86' lang='lat' dir='ltr'>sum</span> <span class='ocrx_word' id='word_1_144' title='bbox 687 846 720 873; x_wconf 89' lang='lat' dir='ltr'>in</span> <span class='ocrx_word' id='word_1_145' title='bbox 736 846 828 874; x_wconf 63' lang='lat' dir='ltr'>Notis</span> <span class='ocrx_word' id='word_1_146' title='bbox 844 844 882 873; x_wconf 82' lang='lat' dir='ltr'>ad</span> <span class='ocrx_word' id='word_1_147' title='bbox 892 846 926 873; x_wconf 87' lang='lat' dir='ltr'>E.</span> <span class='ocrx_word' id='word_1_148' title='bbox 940 846 976 881; x_wconf 87' lang='lat'>1.‚</span> <span class='ocrx_word' id='word_1_149' title='bbox 993 852 1030 874; x_wconf 87' lang='lat' dir='ltr'>ut</span> <span class='ocrx_word' id='word_1_150' title='bbox 1046 846 1085 874; x_wconf 86' lang='lat' dir='ltr'>sit</span> <span class='ocrx_word' id='word_1_151' title='bbox 1104 855 1111 875; x_wconf 88' lang='lat'><strong>:</strong></span> <span class='ocrx_word' id='word_1_152' title='bbox 1126 847 1293 877; x_wconf 69' lang='lat' dir='ltr'>commissa</span> 
     </span>
     <span class='ocr_line' id='line_1_16' title="bbox 90 897 1292 940; baseline 0 -11"><span class='ocrx_word' id='word_1_153' title='bbox 90 901 214 929; x_wconf 80' lang='lat' dir='ltr'>caudas</span> <span class='ocrx_word' id='word_1_154' title='bbox 226 899 422 940; x_wconf 78' lang='lat' dir='ltr'>delphinum,</span> <span class='ocrx_word' id='word_1_155' title='bbox 434 899 554 928; x_wconf 81' lang='lat' dir='ltr'>liabens</span> <span class='ocrx_word' id='word_1_156' title='bbox 566 897 679 927; x_wconf 82' lang='lat' dir='ltr'>caudas</span> <span class='ocrx_word' id='word_1_157' title='bbox 694 897 880 938; x_wconf 76' lang='lat' dir='ltr'>delphinum</span> <span class='ocrx_word' id='word_1_158' title='bbox 891 899 1070 927; x_wconf 80' lang='lat' dir='ltr'>commissas</span> <span class='ocrx_word' id='word_1_159' title='bbox 1079 921 1086 935; x_wconf 84' lang='lat'><em>‚</em></span> <span class='ocrx_word' id='word_1_160' title='bbox 1097 900 1292 937; x_wconf 67' lang='lat' dir='ltr'>conjunctas,</span> 
     </span>
    </p>
   </div>
   <div class='ocr_carea' id='block_1_4' title="bbox 52 952 1287 2212">
    <p class='ocr_par' dir='ltr' id='par_1_4' title="bbox 85 952 1287 1146">
     <span class='ocr_line' id='line_1_17' title="bbox 94 952 1287 993; baseline 0.001 -10"><span class='ocrx_word' id='word_1_161' title='bbox 94 965 168 983; x_wconf 89' lang='lat' dir='ltr'>cum</span> <span class='ocrx_word' id='word_1_162' title='bbox 183 961 269 984; x_wconf 79' lang='lat' dir='ltr'>utero</span> <span class='ocrx_word' id='word_1_163' title='bbox 290 954 430 993; x_wconf 77' lang='lat' dir='ltr'>luporum</span> <span class='ocrx_word' id='word_1_164' title='bbox 442 977 451 989; x_wconf 91' lang='lat'><em>,</em></span> <span class='ocrx_word' id='word_1_165' title='bbox 470 953 623 993; x_wconf 85' lang='lat' dir='ltr'>luporum</span> <span class='ocrx_word' id='word_1_166' title='bbox 638 952 737 982; x_wconf 85' lang='lat' dir='ltr'>uteris</span> <span class='ocrx_word' id='word_1_167' title='bbox 750 963 774 982; x_wconf 82' lang='lat' dir='ltr'>s,</span> <span class='ocrx_word' id='word_1_168' title='bbox 791 952 981 992; x_wconf 80' lang='lat' dir='ltr'>corporibus</span> <span class='ocrx_word' id='word_1_169' title='bbox 992 976 1000 989; x_wconf 87' lang='lat'>‚</span> <span class='ocrx_word' id='word_1_170' title='bbox 1018 963 1088 992; x_wconf 85' lang='lat' dir='ltr'>quae</span> <span class='ocrx_word' id='word_1_171' title='bbox 1104 954 1186 982; x_wconf 87' lang='lat' dir='ltr'>inter</span> <span class='ocrx_word' id='word_1_172' title='bbox 1198 953 1287 984; x_wconf 79' lang='lat' dir='ltr'>binas</span> 
     </span>
     <span class='ocr_line' id='line_1_18' title="bbox 93 1006 1281 1048; baseline 0.001 -11"><span class='ocrx_word' id='word_1_173' title='bbox 93 1007 283 1048; x_wconf 87' lang='lat' dir='ltr'>delphinum</span> <span class='ocrx_word' id='word_1_174' title='bbox 298 1007 412 1037; x_wconf 82' lang='lat' dir='ltr'>caudas</span> <span class='ocrx_word' id='word_1_175' title='bbox 430 1018 469 1036; x_wconf 77' lang='lat' dir='ltr'>ex</span> <span class='ocrx_word' id='word_1_176' title='bbox 486 1007 556 1036; x_wconf 68' lang='lat' dir='ltr'>alvo</span> <span class='ocrx_word' id='word_1_177' title='bbox 570 1007 762 1047; x_wconf 86' lang='lat' dir='ltr'>prominent.</span> <span class='ocrx_word' id='word_1_178' title='bbox 788 1009 884 1037; x_wconf 83' lang='lat' dir='ltr'>Recte</span> <span class='ocrx_word' id='word_1_179' title='bbox 899 1007 968 1036; x_wconf 78' lang='lat' dir='ltr'>haee</span> <span class='ocrx_word' id='word_1_180' title='bbox 986 1018 1017 1036; x_wconf 89' lang='lat' dir='ltr'>se</span> <span class='ocrx_word' id='word_1_181' title='bbox 1031 1006 1149 1037; x_wconf 84' lang='lat' dir='ltr'>habent</span> <span class='ocrx_word' id='word_1_182' title='bbox 1160 1032 1167 1045; x_wconf 83' lang='lat'>,</span> <span class='ocrx_word' id='word_1_183' title='bbox 1186 1010 1281 1038; x_wconf 83' lang='lat' dir='ltr'>modo</span> 
     </span>
     <span class='ocr_line' id='line_1_19' title="bbox 96 1060 1286 1102; baseline -0.001 -11"><span class='ocrx_word' id='word_1_184' title='bbox 96 1074 136 1092; x_wconf 82' lang='lat' dir='ltr'>ex</span> <span class='ocrx_word' id='word_1_185' title='bbox 159 1062 305 1102; x_wconf 84' lang='lat' dir='ltr'>pluribus</span> <span class='ocrx_word' id='word_1_186' title='bbox 333 1061 447 1102; x_wconf 63' lang='lat' dir='ltr'>Scyllae</span> <span class='ocrx_word' id='word_1_187' title='bbox 474 1060 583 1090; x_wconf 78' lang='lat' dir='ltr'>formis</span> <span class='ocrx_word' id='word_1_188' title='bbox 610 1071 678 1090; x_wconf 87' lang='lat' dir='ltr'>eam</span> <span class='ocrx_word' id='word_1_189' title='bbox 702 1067 826 1097; x_wconf 85' lang='lat' dir='ltr'>teneas,</span> <span class='ocrx_word' id='word_1_190' title='bbox 844 1071 915 1101; x_wconf 80' lang='lat' dir='ltr'>quae</span> <span class='ocrx_word' id='word_1_191' title='bbox 932 1061 1058 1100; x_wconf 63' lang='lat' dir='ltr'>Virgilii</span> <span class='ocrx_word' id='word_1_192' title='bbox 1079 1062 1184 1090; x_wconf 86' lang='lat' dir='ltr'>animo</span> <span class='ocrx_word' id='word_1_193' title='bbox 1206 1063 1286 1090; x_wconf 75' lang='lat' dir='ltr'>inse—</span> 
     </span>
     <span class='ocr_line' id='line_1_20' title="bbox 85 1114 182 1146; baseline 0.021 -2"><span class='ocrx_word' id='word_1_194' title='bbox 85 1114 182 1146; x_wconf 66' lang='lat' dir='ltr'>demit.</span> 
     </span>
    </p>

    <p class='ocr_par' dir='ltr' id='par_1_5' title="bbox 52 1181 1287 2212">
     <span class='ocr_line' id='line_1_21' title="bbox 130 1181 1283 1223; baseline -0.001 -11"><span class='ocrx_word' id='word_1_195' title='bbox 130 1184 169 1212; x_wconf 86' lang='lat' dir='ltr'>In</span> <span class='ocrx_word' id='word_1_196' title='bbox 187 1184 325 1223; x_wconf 81' lang='lat' dir='ltr'>antiquae</span> <span class='ocrx_word' id='word_1_197' title='bbox 345 1184 465 1212; x_wconf 86' lang='lat' dir='ltr'>scilicet</span> <span class='ocrx_word' id='word_1_198' title='bbox 481 1184 555 1212; x_wconf 80' lang='lat' dir='ltr'>artis</span> <span class='ocrx_word' id='word_1_199' title='bbox 571 1182 721 1223; x_wconf 84' lang='lat' dir='ltr'>operibus</span> <span class='ocrx_word' id='word_1_200' title='bbox 735 1192 801 1212; x_wconf 89' lang='lat' dir='ltr'>non</span> <span class='ocrx_word' id='word_1_201' title='bbox 817 1192 880 1211; x_wconf 81' lang='lat' dir='ltr'>una</span> <span class='ocrx_word' id='word_1_202' title='bbox 891 1181 1003 1222; x_wconf 61' lang='lat' dir='ltr'>Scyllae</span> <span class='ocrx_word' id='word_1_203' title='bbox 1015 1181 1115 1211; x_wconf 82' lang='lat' dir='ltr'>forma</span> <span class='ocrx_word' id='word_1_204' title='bbox 1127 1184 1283 1212; x_wconf 79' lang='lat' dir='ltr'>occurrit:</span> 
     </span>
     <span class='ocr_line' id='line_1_22' title="bbox 82 1225 1287 1276; baseline 0.001 -12"><span class='ocrx_word' id='word_1_205' title='bbox 82 1235 178 1265; x_wconf 90' lang='lat' dir='ltr'>modo</span> <span class='ocrx_word' id='word_1_206' title='bbox 189 1236 268 1264; x_wconf 85' lang='lat' dir='ltr'>eain</span> <span class='ocrx_word' id='word_1_207' title='bbox 277 1225 464 1276; x_wconf 74' lang='lat' dir='ltr'>delphinum</span> <span class='ocrx_word' id='word_1_208' title='bbox 474 1236 562 1266; x_wconf 79' lang='lat' dir='ltr'>binas</span> <span class='ocrx_word' id='word_1_209' title='bbox 571 1236 684 1265; x_wconf 83' lang='lat' dir='ltr'>caudas</span> <span class='ocrx_word' id='word_1_210' title='bbox 691 1235 822 1273; x_wconf 87' lang='lat' dir='ltr'>desinit;</span> <span class='ocrx_word' id='word_1_211' title='bbox 834 1235 915 1264; x_wconf 87' lang='lat' dir='ltr'>nihil</span> <span class='ocrx_word' id='word_1_212' title='bbox 925 1235 1060 1275; x_wconf 87' lang='lat' dir='ltr'>amplius</span> <span class='ocrx_word' id='word_1_213' title='bbox 1069 1246 1078 1272; x_wconf 91' lang='lat'>;</span> <span class='ocrx_word' id='word_1_214' title='bbox 1089 1235 1185 1265; x_wconf 87' lang='lat' dir='ltr'>modo</span> <span class='ocrx_word' id='word_1_215' title='bbox 1194 1237 1287 1265; x_wconf 88' lang='lat' dir='ltr'>inter-</span> 
     </span>
     <span class='ocr_line' id='line_1_23' title="bbox 83 1283 1285 1329; baseline -0.001 -11"><span class='ocrx_word' id='word_1_216' title='bbox 83 1296 177 1318; x_wconf 80' lang='lat' dir='ltr'>textae</span> <span class='ocrx_word' id='word_1_217' title='bbox 191 1296 245 1318; x_wconf 88' lang='lat' dir='ltr'>aut</span> <span class='ocrx_word' id='word_1_218' title='bbox 254 1289 446 1320; x_wconf 81' lang='lat' dir='ltr'>intermixtae</span> <span class='ocrx_word' id='word_1_219' title='bbox 456 1297 530 1319; x_wconf 90' lang='lat' dir='ltr'>sunt</span> <span class='ocrx_word' id='word_1_220' title='bbox 541 1301 656 1319; x_wconf 80' lang='lat' dir='ltr'>canum</span> <span class='ocrx_word' id='word_1_221' title='bbox 667 1283 821 1329; x_wconf 79' lang='lat' dir='ltr'>protomae</span> <span class='ocrx_word' id='word_1_222' title='bbox 833 1300 840 1326; x_wconf 83' lang='lat'><em>3</em></span> <span class='ocrx_word' id='word_1_223' title='bbox 853 1295 883 1318; x_wconf 91' lang='lat' dir='ltr'>et</span> <span class='ocrx_word' id='word_1_224' title='bbox 892 1288 959 1317; x_wconf 82' lang='lat' dir='ltr'>haec</span> <span class='ocrx_word' id='word_1_225' title='bbox 972 1288 1102 1327; x_wconf 78' lang='lat' dir='ltr'>quidem</span> <span class='ocrx_word' id='word_1_226' title='bbox 1111 1296 1157 1317; x_wconf 87' lang='lat' dir='ltr'>est</span> <span class='ocrx_word' id='word_1_227' title='bbox 1172 1290 1285 1318; x_wconf 87' lang='lat' dir='ltr'>sollen-</span> 
     </span>
     <span class='ocr_line' id='line_1_24' title="bbox 81 1342 1285 1383; baseline 0.001 -12"><span class='ocrx_word' id='word_1_228' title='bbox 81 1343 130 1372; x_wconf 86' lang='lat' dir='ltr'>nis</span> <span class='ocrx_word' id='word_1_229' title='bbox 145 1343 301 1380; x_wconf 83' lang='lat' dir='ltr'>forma‚ut</span> <span class='ocrx_word' id='word_1_230' title='bbox 315 1345 349 1373; x_wconf 91' lang='lat' dir='ltr'>in</span> <span class='ocrx_word' id='word_1_231' title='bbox 358 1354 417 1373; x_wconf 80' lang='lat' dir='ltr'>aere</span> <span class='ocrx_word' id='word_1_232' title='bbox 428 1345 567 1373; x_wconf 77' lang='lat' dir='ltr'>maximo</span> <span class='ocrx_word' id='word_1_233' title='bbox 583 1343 737 1373; x_wconf 86' lang='lat' dir='ltr'>Gordiani</span> <span class='ocrx_word' id='word_1_234' title='bbox 754 1344 858 1383; x_wconf 85' lang='lat' dir='ltr'>(Mus.</span> <span class='ocrx_word' id='word_1_235' title='bbox 867 1343 951 1372; x_wconf 85' lang='lat' dir='ltr'>Flor.</span> <span class='ocrx_word' id='word_1_236' title='bbox 961 1342 1023 1372; x_wconf 80' lang='lat' dir='ltr'>tab.</span> <span class='ocrx_word' id='word_1_237' title='bbox 1039 1353 1053 1379; x_wconf 81' lang='lat'><strong>7</strong></span> <span class='ocrx_word' id='word_1_238' title='bbox 1063 1342 1094 1382; x_wconf 84' lang='lat'>3)</span> <span class='ocrx_word' id='word_1_239' title='bbox 1108 1350 1138 1371; x_wconf 89' lang='lat' dir='ltr'>et</span> <span class='ocrx_word' id='word_1_240' title='bbox 1150 1345 1285 1383; x_wconf 85' lang='lat' dir='ltr'>Pupieni</span> 
     </span>
     <span class='ocr_line' id='line_1_25' title="bbox 83 1396 1286 1437; baseline -0.001 -11"><span class='ocrx_word' id='word_1_241' title='bbox 83 1397 192 1437; x_wconf 82' lang='lat' dir='ltr'>(Max.</span> <span class='ocrx_word' id='word_1_242' title='bbox 207 1397 291 1427; x_wconf 86' lang='lat' dir='ltr'>mod.</span> <span class='ocrx_word' id='word_1_243' title='bbox 305 1399 463 1429; x_wconf 82' lang='lat' dir='ltr'>Numism.</span> <span class='ocrx_word' id='word_1_244' title='bbox 482 1400 520 1428; x_wconf 82' lang='lat' dir='ltr'>R.</span> <span class='ocrx_word' id='word_1_245' title='bbox 537 1398 616 1427; x_wconf 88' lang='lat' dir='ltr'>Gall.</span> <span class='ocrx_word' id='word_1_246' title='bbox 636 1397 698 1426; x_wconf 85' lang='lat' dir='ltr'>tab.</span> <span class='ocrx_word' id='word_1_247' title='bbox 721 1396 786 1437; x_wconf 86' lang='lat'>25)</span> <span class='ocrx_word' id='word_1_248' title='bbox 804 1403 834 1426; x_wconf 86' lang='lat' dir='ltr'>et</span> <span class='ocrx_word' id='word_1_249' title='bbox 852 1396 947 1426; x_wconf 85' lang='lat' dir='ltr'>simili</span> <span class='ocrx_word' id='word_1_250' title='bbox 961 1396 1067 1426; x_wconf 88' lang='lat' dir='ltr'>modo.</span> <span class='ocrx_word' id='word_1_251' title='bbox 1080 1397 1184 1437; x_wconf 80' lang='lat' dir='ltr'>Scylla</span> <span class='ocrx_word' id='word_1_252' title='bbox 1199 1408 1286 1426; x_wconf 86' lang='lat' dir='ltr'>remo</span> 
     </span>
     <span class='ocr_line' id='line_1_26' title="bbox 81 1450 1283 1491; baseline 0.002 -12"><span class='ocrx_word' id='word_1_253' title='bbox 81 1450 206 1480; x_wconf 81' lang='lat' dir='ltr'>sublato</span> <span class='ocrx_word' id='word_1_254' title='bbox 222 1452 322 1480; x_wconf 89' lang='lat' dir='ltr'>ictum</span> <span class='ocrx_word' id='word_1_255' title='bbox 340 1452 499 1481; x_wconf 81' lang='lat' dir='ltr'>intentans</span> <span class='ocrx_word' id='word_1_256' title='bbox 524 1453 559 1480; x_wconf 87' lang='lat' dir='ltr'>in</span> <span class='ocrx_word' id='word_1_257' title='bbox 583 1450 712 1480; x_wconf 84' lang='lat' dir='ltr'>denario</span> <span class='ocrx_word' id='word_1_258' title='bbox 730 1452 814 1481; x_wconf 76' lang='lat' dir='ltr'>Sext.</span> <span class='ocrx_word' id='word_1_259' title='bbox 832 1452 993 1491; x_wconf 87' lang='lat' dir='ltr'>Pompeii,</span> <span class='ocrx_word' id='word_1_260' title='bbox 1008 1462 1039 1480; x_wconf 69' lang='lat' dir='ltr'>v.</span> <span class='ocrx_word' id='word_1_261' title='bbox 1061 1462 1087 1480; x_wconf 91' lang='lat' dir='ltr'>c.</span> <span class='ocrx_word' id='word_1_262' title='bbox 1102 1451 1194 1481; x_wconf 88' lang='lat' dir='ltr'>Thes.</span> <span class='ocrx_word' id='word_1_263' title='bbox 1213 1453 1283 1481; x_wconf 90' lang='lat' dir='ltr'>Mo-</span> 
     </span>
     <span class='ocr_line' id='line_1_27' title="bbox 83 1504 1282 1545; baseline 0.001 -12"><span class='ocrx_word' id='word_1_264' title='bbox 83 1504 150 1534; x_wconf 84' lang='lat' dir='ltr'>rell.</span> <span class='ocrx_word' id='word_1_265' title='bbox 173 1505 312 1545; x_wconf 89' lang='lat' dir='ltr'>Pompei.</span> <span class='ocrx_word' id='word_1_266' title='bbox 330 1512 352 1535; x_wconf 90' lang='lat' dir='ltr'>t.</span> <span class='ocrx_word' id='word_1_267' title='bbox 369 1507 401 1534; x_wconf 92' lang='lat' dir='ltr'>II</span> <span class='ocrx_word' id='word_1_268' title='bbox 413 1529 420 1543; x_wconf 85' lang='lat'><strong><em>,</em></strong></span> <span class='ocrx_word' id='word_1_269' title='bbox 446 1516 473 1535; x_wconf 88' lang='lat'>1.</span> <span class='ocrx_word' id='word_1_270' title='bbox 491 1504 530 1535; x_wconf 87' lang='lat' dir='ltr'>cf.</span> <span class='ocrx_word' id='word_1_271' title='bbox 545 1505 661 1545; x_wconf 86' lang='lat' dir='ltr'>Spanh.</span> <span class='ocrx_word' id='word_1_272' title='bbox 683 1505 721 1534; x_wconf 92' lang='lat' dir='ltr'>de</span> <span class='ocrx_word' id='word_1_273' title='bbox 736 1507 776 1535; x_wconf 79' lang='lat' dir='ltr'>V.</span> <span class='ocrx_word' id='word_1_274' title='bbox 792 1512 823 1534; x_wconf 86' lang='lat' dir='ltr'>et</span> <span class='ocrx_word' id='word_1_275' title='bbox 836 1507 870 1535; x_wconf 89' lang='lat' dir='ltr'>P.</span> <span class='ocrx_word' id='word_1_276' title='bbox 886 1505 925 1535; x_wconf 88' lang='lat' dir='ltr'>N.</span> <span class='ocrx_word' id='word_1_277' title='bbox 942 1512 963 1535; x_wconf 94' lang='lat' dir='ltr'>t.</span> <span class='ocrx_word' id='word_1_278' title='bbox 981 1506 1006 1542; x_wconf 86' lang='grc' dir='ltr'>Ι,</span> <span class='ocrx_word' id='word_1_279' title='bbox 1021 1516 1051 1545; x_wconf 89' lang='lat' dir='ltr'>p.</span> <span class='ocrx_word' id='word_1_280' title='bbox 1071 1505 1135 1534; x_wconf 81' lang='lat'>262</span> <span class='ocrx_word' id='word_1_281' title='bbox 1151 1516 1159 1541; x_wconf 84' lang='lat'>;</span> <span class='ocrx_word' id='word_1_282' title='bbox 1180 1513 1210 1534; x_wconf 85' lang='lat' dir='ltr'>et</span> <span class='ocrx_word' id='word_1_283' title='bbox 1230 1506 1282 1534; x_wconf 78' lang='lat' dir='ltr'>ad-</span> 
     </span>
     <span class='ocr_line' id='line_1_28' title="bbox 80 1558 1283 1599; baseline 0.001 -12"><span class='ocrx_word' id='word_1_284' title='bbox 80 1559 200 1597; x_wconf 84' lang='lat' dir='ltr'>junctis</span> <span class='ocrx_word' id='word_1_285' title='bbox 221 1558 304 1587; x_wconf 85' lang='lat' dir='ltr'>binis</span> <span class='ocrx_word' id='word_1_286' title='bbox 322 1559 511 1599; x_wconf 83' lang='lat' dir='ltr'>corporibus</span> <span class='ocrx_word' id='word_1_287' title='bbox 530 1561 692 1596; x_wconf 67' lang='lat' dir='ltr'>virorum,</span> <span class='ocrx_word' id='word_1_288' title='bbox 709 1569 906 1599; x_wconf 29' lang='lat' dir='ltr'>per-canum</span> <span class='ocrx_word' id='word_1_289' title='bbox 930 1570 1032 1588; x_wconf 84' lang='lat' dir='ltr'>nexus</span> <span class='ocrx_word' id='word_1_290' title='bbox 1054 1559 1283 1599; x_wconf 84' lang='lat' dir='ltr'>implicitorum</span> 
     </span>
     <span class='ocr_line' id='line_1_29' title="bbox 84 1612 1283 1654; baseline 0.001 -13"><span class='ocrx_word' id='word_1_291' title='bbox 84 1614 118 1642; x_wconf 92' lang='lat' dir='ltr'>in</span> <span class='ocrx_word' id='word_1_292' title='bbox 137 1613 213 1653; x_wconf 88' lang='lat' dir='ltr'>pict.</span> <span class='ocrx_word' id='word_1_293' title='bbox 234 1612 364 1642; x_wconf 86' lang='lat' dir='ltr'>Hercul.</span> <span class='ocrx_word' id='word_1_294' title='bbox 386 1619 461 1643; x_wconf 85' lang='lat' dir='ltr'>tom.</span> <span class='ocrx_word' id='word_1_295' title='bbox 478 1614 525 1642; x_wconf 91' lang='lat' dir='ltr'>III</span> <span class='ocrx_word' id='word_1_296' title='bbox 536 1636 544 1650; x_wconf 90' lang='lat'><strong><em>‚</em></strong></span> <span class='ocrx_word' id='word_1_297' title='bbox 560 1620 581 1643; x_wconf 91' lang='lat' dir='ltr'>t.</span> <span class='ocrx_word' id='word_1_298' title='bbox 601 1624 655 1651; x_wconf 82' lang='lat'>213</span> <span class='ocrx_word' id='word_1_299' title='bbox 676 1620 706 1642; x_wconf 88' lang='lat' dir='ltr'>et</span> <span class='ocrx_word' id='word_1_300' title='bbox 719 1624 786 1642; x_wconf 87' lang='lat' dir='ltr'>uno</span> <span class='ocrx_word' id='word_1_301' title='bbox 800 1613 869 1642; x_wconf 75' lang='lat' dir='ltr'>viro</span> <span class='ocrx_word' id='word_1_302' title='bbox 888 1614 923 1643; x_wconf 87' lang='lat' dir='ltr'>in</span> <span class='ocrx_word' id='word_1_303' title='bbox 938 1624 1060 1654; x_wconf 83' lang='lat' dir='ltr'>gemma</span> <span class='ocrx_word' id='word_1_304' title='bbox 1076 1624 1124 1653; x_wconf 86' lang='lat' dir='ltr'>ap.</span> <span class='ocrx_word' id='word_1_305' title='bbox 1145 1614 1283 1653; x_wconf 81' lang='lat' dir='ltr'>Lippert.</span> 
     </span>
     <span class='ocr_line' id='line_1_30' title="bbox 84 1666 1284 1708; baseline -0.001 -13"><span class='ocrx_word' id='word_1_306' title='bbox 84 1668 115 1703; x_wconf 88' lang='grc' dir='ltr'>Ι,</span> <span class='ocrx_word' id='word_1_307' title='bbox 137 1676 170 1704; x_wconf 82' lang='lat'>1,</span> <span class='ocrx_word' id='word_1_308' title='bbox 190 1677 266 1704; x_wconf 87' lang='lat'>127,</span> <span class='ocrx_word' id='word_1_309' title='bbox 295 1666 377 1704; x_wconf 83' lang='lat'><em>1283</em></span> <span class='ocrx_word' id='word_1_310' title='bbox 394 1677 442 1707; x_wconf 84' lang='lat' dir='ltr'>ap.</span> <span class='ocrx_word' id='word_1_311' title='bbox 463 1668 568 1696; x_wconf 83' lang='lat' dir='ltr'>Tassie</span> <span class='ocrx_word' id='word_1_312' title='bbox 591 1667 635 1707; x_wconf 87' lang='lat' dir='ltr'>pl.</span> <span class='ocrx_word' id='word_1_313' title='bbox 652 1668 776 1704; x_wconf 87' lang='lat' dir='ltr'><strong>XXXI,</strong></span> <span class='ocrx_word' id='word_1_314' title='bbox 793 1673 824 1696; x_wconf 88' lang='lat' dir='ltr'>et</span> <span class='ocrx_word' id='word_1_315' title='bbox 842 1677 890 1708; x_wconf 84' lang='lat' dir='ltr'>ap.</span> <span class='ocrx_word' id='word_1_316' title='bbox 915 1666 1086 1696; x_wconf 84' lang='lat' dir='ltr'>Tischbein</span> <span class='ocrx_word' id='word_1_317' title='bbox 1109 1667 1228 1695; x_wconf 78' lang='lat' dir='ltr'>Homer</span> <span class='ocrx_word' id='word_1_318' title='bbox 1251 1666 1284 1694; x_wconf 78' lang='lat' dir='ltr'>in</span> 
     </span>
     <span class='ocr_line' id='line_1_31' title="bbox 86 1718 1285 1761; baseline -0.001 -13"><span class='ocrx_word' id='word_1_319' title='bbox 86 1721 114 1748; x_wconf 95' lang='lat' dir='ltr'><em>Z</em></span> <span class='ocrx_word' id='word_1_320' title='bbox 116 1718 315 1761; x_wconf 77' lang='lat' dir='ltr'>eicknungen</span> <span class='ocrx_word' id='word_1_321' title='bbox 327 1719 410 1749; x_wconf 82' lang='lat' dir='ltr'>naclz</span> <span class='ocrx_word' id='word_1_322' title='bbox 419 1719 577 1757; x_wconf 73' lang='lat' dir='ltr'>Antiken,</span> <span class='ocrx_word' id='word_1_323' title='bbox 591 1720 665 1749; x_wconf 85' lang='lat' dir='ltr'>fasc.</span> <span class='ocrx_word' id='word_1_324' title='bbox 677 1720 734 1749; x_wconf 94' lang='lat' dir='ltr'>III.</span> <span class='ocrx_word' id='word_1_325' title='bbox 751 1721 791 1749; x_wconf 93' lang='lat' dir='ltr'>Et</span> <span class='ocrx_word' id='word_1_326' title='bbox 807 1730 881 1748; x_wconf 88' lang='lat' dir='ltr'>cum</span> <span class='ocrx_word' id='word_1_327' title='bbox 894 1719 955 1756; x_wconf 80' lang='lat' dir='ltr'>his,</span> <span class='ocrx_word' id='word_1_328' title='bbox 966 1721 1102 1748; x_wconf 75' lang='lat' dir='ltr'>maxime</span> <span class='ocrx_word' id='word_1_329' title='bbox 1115 1729 1188 1747; x_wconf 78' lang='lat' dir='ltr'>cuni</span> <span class='ocrx_word' id='word_1_330' title='bbox 1199 1721 1285 1748; x_wconf 77' lang='lat' dir='ltr'>Sexti</span> 
     </span>
     <span class='ocr_line' id='line_1_32' title="bbox 84 1775 1282 1817; baseline -0.004 -10"><span class='ocrx_word' id='word_1_331' title='bbox 84 1777 227 1817; x_wconf 87' lang='lat' dir='ltr'>Pompeii</span> <span class='ocrx_word' id='word_1_332' title='bbox 242 1787 352 1813; x_wconf 87' lang='lat' dir='ltr'>numo,</span> <span class='ocrx_word' id='word_1_333' title='bbox 368 1787 550 1817; x_wconf 85' lang='lat' dir='ltr'>comparare</span> <span class='ocrx_word' id='word_1_334' title='bbox 565 1777 671 1806; x_wconf 69' lang='lat' dir='ltr'>malim</span> <span class='ocrx_word' id='word_1_335' title='bbox 686 1784 787 1817; x_wconf 82' lang='lat' dir='ltr'>poetae</span> <span class='ocrx_word' id='word_1_336' title='bbox 803 1786 912 1806; x_wconf 78' lang='lat' dir='ltr'>versus</span> <span class='ocrx_word' id='word_1_337' title='bbox 926 1776 1039 1806; x_wconf 85' lang='lat' dir='ltr'>collato</span> <span class='ocrx_word' id='word_1_338' title='bbox 1055 1775 1131 1805; x_wconf 84' lang='lat' dir='ltr'>Silio</span> <span class='ocrx_word' id='word_1_339' title='bbox 1146 1776 1186 1811; x_wconf 72' lang='lat' dir='ltr'>V,</span> <span class='ocrx_word' id='word_1_340' title='bbox 1210 1785 1220 1802; x_wconf 86' lang='lat'>1</span> <span class='ocrx_word' id='word_1_341' title='bbox 1232 1775 1282 1803; x_wconf 81' lang='lat'>35.</span> 
     </span>
     <span class='ocr_line' id='line_1_33' title="bbox 85 1831 1283 1872; baseline -0.003 -11"><span class='ocrx_word' id='word_1_342' title='bbox 85 1833 139 1861; x_wconf 81' lang='lat' dir='ltr'>Est</span> <span class='ocrx_word' id='word_1_343' title='bbox 165 1842 293 1872; x_wconf 80' lang='lat' dir='ltr'>qnoque</span> <span class='ocrx_word' id='word_1_344' title='bbox 314 1833 349 1861; x_wconf 90' lang='lat' dir='ltr'>in</span> <span class='ocrx_word' id='word_1_345' title='bbox 372 1834 478 1862; x_wconf 77' lang='lat' dir='ltr'>numis</span> <span class='ocrx_word' id='word_1_346' title='bbox 497 1833 711 1863; x_wconf 86' lang='lat' dir='ltr'>Contorniatis</span> <span class='ocrx_word' id='word_1_347' title='bbox 733 1833 822 1862; x_wconf 85' lang='lat' dir='ltr'>navis</span> <span class='ocrx_word' id='word_1_348' title='bbox 838 1832 960 1872; x_wconf 78' lang='lat' dir='ltr'>Ulyssis</span> <span class='ocrx_word' id='word_1_349' title='bbox 982 1831 1168 1860; x_wconf 82' lang='lat' dir='ltr'>imminente</span> <span class='ocrx_word' id='word_1_350' title='bbox 1186 1837 1216 1859; x_wconf 83' lang='lat' dir='ltr'>et</span> <span class='ocrx_word' id='word_1_351' title='bbox 1234 1840 1283 1859; x_wconf 77' lang='lat' dir='ltr'>so-</span> 
     </span>
     <span class='ocr_line' id='line_1_34' title="bbox 88 1888 1281 1931; baseline 0.001 -15"><span class='ocrx_word' id='word_1_352' title='bbox 88 1889 211 1917; x_wconf 85' lang='lat' dir='ltr'>ciorum</span> <span class='ocrx_word' id='word_1_353' title='bbox 230 1899 332 1918; x_wconf 87' lang='lat' dir='ltr'>unum</span> <span class='ocrx_word' id='word_1_354' title='bbox 351 1891 490 1930; x_wconf 82' lang='lat' dir='ltr'>rapiente</span> <span class='ocrx_word' id='word_1_355' title='bbox 514 1891 618 1931; x_wconf 82' lang='lat' dir='ltr'>Scylla</span> <span class='ocrx_word' id='word_1_356' title='bbox 633 1889 693 1921; x_wconf 86' lang='lat' dir='ltr'>:de</span> <span class='ocrx_word' id='word_1_357' title='bbox 711 1889 828 1930; x_wconf 87' lang='lat' dir='ltr'>quibus</span> <span class='ocrx_word' id='word_1_358' title='bbox 850 1900 880 1919; x_wconf 85' lang='lat' dir='ltr'>v.</span> <span class='ocrx_word' id='word_1_359' title='bbox 903 1888 1040 1925; x_wconf 82' lang='lat' dir='ltr'>Eckhel,</span> <span class='ocrx_word' id='word_1_360' title='bbox 1060 1888 1123 1917; x_wconf 83' lang='lat' dir='ltr'>vol.</span> <span class='ocrx_word' id='word_1_361' title='bbox 1136 1889 1214 1918; x_wconf 73' lang='lat' dir='ltr'><strong>VIII</strong></span> <span class='ocrx_word' id='word_1_362' title='bbox 1227 1912 1235 1925; x_wconf 88' lang='lat'>‚</span> <span class='ocrx_word' id='word_1_363' title='bbox 1249 1899 1281 1928; x_wconf 88' lang='lat' dir='ltr'>p.</span> 
     </span>
     <span class='ocr_line' id='line_1_35' title="bbox 90 1944 1285 1986; baseline -0.001 -13"><span class='ocrx_word' id='word_1_364' title='bbox 90 1944 166 1974; x_wconf 83' lang='lat'>285.</span> <span class='ocrx_word' id='word_1_365' title='bbox 184 1945 239 1973; x_wconf 87' lang='lat' dir='ltr'>Est</span> <span class='ocrx_word' id='word_1_366' title='bbox 254 1951 358 1974; x_wconf 83' lang='lat' dir='ltr'>tamen</span> <span class='ocrx_word' id='word_1_367' title='bbox 374 1947 464 1975; x_wconf 75' lang='lat' dir='ltr'>tertia</span> <span class='ocrx_word' id='word_1_368' title='bbox 480 1947 679 1986; x_wconf 85' lang='lat' dir='ltr'>species‚qua</span> <span class='ocrx_word' id='word_1_369' title='bbox 695 1946 766 1975; x_wconf 81' lang='lat' dir='ltr'>alvo</span> <span class='ocrx_word' id='word_1_370' title='bbox 782 1944 939 1982; x_wconf 88' lang='lat' dir='ltr'>adjunctae</span> <span class='ocrx_word' id='word_1_371' title='bbox 955 1950 1029 1973; x_wconf 91' lang='lat' dir='ltr'>sunt</span> <span class='ocrx_word' id='word_1_372' title='bbox 1047 1944 1197 1983; x_wconf 85' lang='lat' dir='ltr'>utrinque</span> <span class='ocrx_word' id='word_1_373' title='bbox 1214 1944 1285 1973; x_wconf 71' lang='lat' dir='ltr'>duce</span> 
     </span>
     <span class='ocr_line' id='line_1_36' title="bbox 88 2001 1285 2042; baseline -0.001 -12"><span class='ocrx_word' id='word_1_374' title='bbox 88 2012 202 2030; x_wconf 85' lang='lat' dir='ltr'>canum</span> <span class='ocrx_word' id='word_1_375' title='bbox 218 2008 371 2041; x_wconf 82' lang='lat' dir='ltr'>protomae</span> <span class='ocrx_word' id='word_1_376' title='bbox 386 2003 421 2031; x_wconf 88' lang='lat' dir='ltr'>in</span> <span class='ocrx_word' id='word_1_377' title='bbox 436 2013 532 2031; x_wconf 86' lang='lat' dir='ltr'>unam</span> <span class='ocrx_word' id='word_1_378' title='bbox 546 2002 703 2042; x_wconf 84' lang='lat' dir='ltr'>delphinis</span> <span class='ocrx_word' id='word_1_379' title='bbox 720 2001 852 2030; x_wconf 78' lang='lat' dir='ltr'>caudam</span> <span class='ocrx_word' id='word_1_380' title='bbox 866 2007 1025 2030; x_wconf 88' lang='lat' dir='ltr'>coeuntes.</span> <span class='ocrx_word' id='word_1_381' title='bbox 1043 2001 1133 2030; x_wconf 85' lang='lat' dir='ltr'>Hanc</span> <span class='ocrx_word' id='word_1_382' title='bbox 1148 2001 1285 2040; x_wconf 88' lang='lat' dir='ltr'>speciem</span> 
     </span>
     <span class='ocr_line' id='line_1_37' title="bbox 86 2057 1286 2098; baseline -0.001 -12"><span class='ocrx_word' id='word_1_383' title='bbox 86 2057 181 2086; x_wconf 86' lang='lat' dir='ltr'>hahet</span> <span class='ocrx_word' id='word_1_384' title='bbox 202 2058 358 2086; x_wconf 81' lang='lat' dir='ltr'>numisma</span> <span class='ocrx_word' id='word_1_385' title='bbox 372 2058 656 2098; x_wconf 83' lang='lat' dir='ltr'>Agrigentinorum</span> <span class='ocrx_word' id='word_1_386' title='bbox 673 2068 689 2086; x_wconf 87' lang='lat' dir='ltr'>a</span> <span class='ocrx_word' id='word_1_387' title='bbox 707 2059 851 2098; x_wconf 86' lang='lat' dir='ltr'>principe</span> <span class='ocrx_word' id='word_1_388' title='bbox 868 2060 1076 2088; x_wconf 87' lang='lat' dir='ltr'>Torremuzza</span> <span class='ocrx_word' id='word_1_389' title='bbox 1092 2057 1105 2098; x_wconf 87' lang='grc'>&lt;</span> <span class='ocrx_word' id='word_1_390' title='bbox 1122 2058 1234 2097; x_wconf 79' lang='lat' dir='ltr'>Opnsc.</span> <span class='ocrx_word' id='word_1_391' title='bbox 1251 2057 1286 2086; x_wconf 82' lang='lat' dir='ltr'>di</span> 
     </span>
     <span class='ocr_line' id='line_1_38' title="bbox 87 2113 1278 2156; baseline 0 -12"><span class='ocrx_word' id='word_1_392' title='bbox 87 2113 203 2144; x_wconf 80' lang='lat' dir='ltr'>Autori</span> <span class='ocrx_word' id='word_1_393' title='bbox 215 2114 373 2154; x_wconf 80' lang='lat' dir='ltr'>Siciliani,</span> <span class='ocrx_word' id='word_1_394' title='bbox 387 2124 463 2146; x_wconf 86' lang='lat' dir='ltr'>tom.</span> <span class='ocrx_word' id='word_1_395' title='bbox 484 2116 572 2152; x_wconf 84' lang='lat' dir='ltr'><strong>XIV,</strong></span> <span class='ocrx_word' id='word_1_396' title='bbox 589 2115 652 2145; x_wconf 88' lang='lat' dir='ltr'>tab.</span> <span class='ocrx_word' id='word_1_397' title='bbox 668 2116 741 2152; x_wconf 80' lang='lat' dir='ltr'><strong>VII,</strong></span> <span class='ocrx_word' id='word_1_398' title='bbox 759 2114 825 2156; x_wconf 86' lang='lat' dir='ltr'>IV)</span> <span class='ocrx_word' id='word_1_399' title='bbox 839 2114 970 2152; x_wconf 76' lang='lat' dir='ltr'>editum,</span> <span class='ocrx_word' id='word_1_400' title='bbox 991 2121 1021 2143; x_wconf 89' lang='lat' dir='ltr'>et</span> <span class='ocrx_word' id='word_1_401' title='bbox 1040 2115 1074 2143; x_wconf 91' lang='lat' dir='ltr'>in</span> <span class='ocrx_word' id='word_1_402' title='bbox 1088 2113 1200 2144; x_wconf 83' lang='lat' dir='ltr'>Siciliae</span> <span class='ocrx_word' id='word_1_403' title='bbox 1216 2121 1278 2144; x_wconf 83' lang='lat' dir='ltr'>vet.</span> 
     </span>
     <span class='ocr_line' id='line_1_39' title="bbox 52 2170 1280 2212; baseline -0.003 -11"><span class='ocrx_word' id='word_1_404' title='bbox 52 2193 62 2201; x_wconf 86' lang='lat'>.</span> <span class='ocrx_word' id='word_1_405' title='bbox 87 2171 183 2200; x_wconf 79' lang='lat' dir='ltr'>Num.</span> <span class='ocrx_word' id='word_1_406' title='bbox 201 2171 263 2201; x_wconf 82' lang='lat' dir='ltr'>tab.</span> <span class='ocrx_word' id='word_1_407' title='bbox 274 2174 302 2201; x_wconf 89' lang='lat' dir='ltr'><strong>V</strong></span> <span class='ocrx_word' id='word_1_408' title='bbox 317 2173 496 2212; x_wconf 79' lang='lat' dir='ltr'>repetitum,</span> <span class='ocrx_word' id='word_1_409' title='bbox 511 2171 567 2201; x_wconf 90' lang='lat' dir='ltr'>ubi</span> <span class='ocrx_word' id='word_1_410' title='bbox 583 2170 716 2201; x_wconf 86' lang='lat' dir='ltr'>alterum</span> <span class='ocrx_word' id='word_1_411' title='bbox 727 2171 822 2207; x_wconf 79' lang='lat' dir='ltr'>canis,</span> <span class='ocrx_word' id='word_1_412' title='bbox 836 2171 968 2201; x_wconf 84' lang='lat' dir='ltr'>alterum</span> <span class='ocrx_word' id='word_1_413' title='bbox 982 2170 1094 2211; x_wconf 77' lang='lat' dir='ltr'>hydrae</span> <span class='ocrx_word' id='word_1_414' title='bbox 1112 2177 1168 2205; x_wconf 81' lang='lat' dir='ltr'>est,</span> <span class='ocrx_word' id='word_1_415' title='bbox 1181 2170 1280 2207; x_wconf 81' lang='lat' dir='ltr'>etjam</span> 
     </span>
    </p>
   </div>
  </div>
 </body>
</html>
