<?xml version="1.0" encoding="UTF-8"?>
<!DOCTYPE html PUBLIC "-//W3C//DTD XHTML 1.0 Transitional//EN"
    "http://www.w3.org/TR/xhtml1/DTD/xhtml1-transitional.dtd">
<html xmlns="http://www.w3.org/1999/xhtml" xml:lang="en" lang="en">
 <head>
  <title>
</title>
<meta http-equiv="Content-Type" content="text/html;charset=utf-8" />
  <meta name='ocr-system' content='tesseract 3.04.00' />
  <meta name='ocr-capabilities' content='ocr_page ocr_carea ocr_par ocr_line ocrx_word'/>
</head>
<body>
  <div class='ocr_page' id='page_1' title='image "./operahey01virguoft_0341.png"; bbox 0 0 1377 2428; ppageno 0'>
   <div class='ocr_carea' id='block_1_1' title="bbox 537 77 740 107">
    <p class='ocr_par' dir='ltr' id='par_1_1' title="bbox 537 77 740 107">
     <span class='ocr_line' id='line_1_1' title="bbox 537 77 740 107; baseline -0.005 -1"><span class='ocrx_word' id='word_1_1' title='bbox 537 77 657 107; x_wconf 83' lang='lat' dir='ltr'>LIBER</span> <span class='ocrx_word' id='word_1_2' title='bbox 682 77 740 106; x_wconf 83' lang='lat'>111.</span> 
     </span>
    </p>
   </div>
   <div class='ocr_carea' id='block_1_2' title="bbox 1174 74 1234 109">
    <p class='ocr_par' dir='ltr' id='par_1_2' title="bbox 1174 74 1234 109">
     <span class='ocr_line' id='line_1_2' title="bbox 1174 74 1234 109; baseline 0 -7"><span class='ocrx_word' id='word_1_3' title='bbox 1174 74 1234 109; x_wconf 67' lang='lat'>307</span> 
     </span>
    </p>
   </div>
   <div class='ocr_carea' id='block_1_3' title="bbox 43 133 1236 481">
    <p class='ocr_par' dir='ltr' id='par_1_3' title="bbox 45 133 897 183">
     <span class='ocr_line' id='line_1_3' title="bbox 45 133 897 183; baseline -0.004 -12"><span class='ocrx_word' id='word_1_4' title='bbox 45 134 176 183; x_wconf 84' lang='lat' dir='ltr'>Cocyti</span> <span class='ocrx_word' id='word_1_5' title='bbox 193 142 352 178; x_wconf 87' lang='lat' dir='ltr'>metuet,</span> <span class='ocrx_word' id='word_1_6' title='bbox 371 141 565 182; x_wconf 85' lang='lat' dir='ltr'>tortosque</span> <span class='ocrx_word' id='word_1_7' title='bbox 586 134 727 169; x_wconf 70' lang='lat' dir='ltr'>Ixionis</span> <span class='ocrx_word' id='word_1_8' title='bbox 748 133 897 182; x_wconf 74' lang='lat' dir='ltr'>anguis,</span> 
     </span>
    </p>

    <p class='ocr_par' dir='ltr' id='par_1_4' title="bbox 45 192 1236 302">
     <span class='ocr_line' id='line_1_4' title="bbox 45 192 1068 243; baseline -0.004 -12"><span class='ocrx_word' id='word_1_9' title='bbox 45 198 325 243; x_wconf 87' lang='lat' dir='ltr'>Immanemque</span> <span class='ocrx_word' id='word_1_10' title='bbox 342 202 482 238; x_wconf 87' lang='lat' dir='ltr'>rotam,</span> <span class='ocrx_word' id='word_1_11' title='bbox 500 202 536 229; x_wconf 91' lang='lat' dir='ltr'>et</span> <span class='ocrx_word' id='word_1_12' title='bbox 552 205 627 228; x_wconf 92' lang='lat' dir='ltr'>non</span> <span class='ocrx_word' id='word_1_13' title='bbox 648 192 909 242; x_wconf 78' lang='lat' dir='ltr'>exsuperabile</span> <span class='ocrx_word' id='word_1_14' title='bbox 926 204 1068 228; x_wconf 86' lang='lat' dir='ltr'>saxum.</span> 
     </span>
     <span class='ocr_line' id='line_1_5' title="bbox 97 252 1236 302; baseline -0.004 -11"><span class='ocrx_word' id='word_1_15' title='bbox 97 258 247 292; x_wconf 79' lang='lat' dir='ltr'>Interea</span> <span class='ocrx_word' id='word_1_16' title='bbox 264 252 457 302; x_wconf 80' lang='lat' dir='ltr'><strong>Dryadum</strong></span> <span class='ocrx_word' id='word_1_17' title='bbox 478 252 587 289; x_wconf 85' lang='lat' dir='ltr'>silvas</span> <span class='ocrx_word' id='word_1_18' title='bbox 608 252 797 301; x_wconf 84' lang='lat' dir='ltr'>saltusque</span> <span class='ocrx_word' id='word_1_19' title='bbox 813 264 1014 301; x_wconf 88' lang='lat' dir='ltr'>sequamur</span> <span class='ocrx_word' id='word_1_20' title='bbox 1205 262 1236 287; x_wconf 65' lang='lat'>40</span> 
     </span>
    </p>

    <p class='ocr_par' dir='ltr' id='par_1_5' title="bbox 45 311 947 361">
     <span class='ocr_line' id='line_1_6' title="bbox 45 311 947 361; baseline -0.004 -10"><span class='ocrx_word' id='word_1_21' title='bbox 45 318 210 352; x_wconf 87' lang='lat' dir='ltr'>Intactos</span> <span class='ocrx_word' id='word_1_22' title='bbox 228 327 236 348; x_wconf 80' lang='lat' dir='ltr'>z</span> <span class='ocrx_word' id='word_1_23' title='bbox 255 322 336 357; x_wconf 85' lang='lat' dir='ltr'>tua,</span> <span class='ocrx_word' id='word_1_24' title='bbox 352 315 555 357; x_wconf 70' lang='lat' dir='ltr'>Maecenas,</span> <span class='ocrx_word' id='word_1_25' title='bbox 573 311 675 348; x_wconf 83' lang='lat' dir='ltr'>haud</span> <span class='ocrx_word' id='word_1_26' title='bbox 695 312 947 361; x_wconf 87' lang='lat' dir='ltr'>molliajussa.</span> 
     </span>
    </p>

    <p class='ocr_par' dir='ltr' id='par_1_6' title="bbox 45 371 1018 420">
     <span class='ocr_line' id='line_1_7' title="bbox 45 371 1018 420; baseline -0.004 -10"><span class='ocrx_word' id='word_1_27' title='bbox 45 376 99 410; x_wconf 87' lang='lat' dir='ltr'>Te</span> <span class='ocrx_word' id='word_1_28' title='bbox 115 374 194 410; x_wconf 85' lang='lat' dir='ltr'>sine</span> <span class='ocrx_word' id='word_1_29' title='bbox 210 373 262 408; x_wconf 91' lang='lat' dir='ltr'>nil</span> <span class='ocrx_word' id='word_1_30' title='bbox 278 373 392 408; x_wconf 85' lang='lat' dir='ltr'>altum</span> <span class='ocrx_word' id='word_1_31' title='bbox 408 384 511 408; x_wconf 89' lang='lat' dir='ltr'>mens</span> <span class='ocrx_word' id='word_1_32' title='bbox 532 371 695 407; x_wconf 83' lang='lat' dir='ltr'>inchoat.</span> <span class='ocrx_word' id='word_1_33' title='bbox 714 374 768 407; x_wconf 88' lang='lat' dir='ltr'>En</span> <span class='ocrx_word' id='word_1_34' title='bbox 790 384 874 420; x_wconf 79' lang='lat' dir='ltr'>age,</span> <span class='ocrx_word' id='word_1_35' title='bbox 896 371 1018 419; x_wconf 84' lang='lat' dir='ltr'>segnis</span> 
     </span>
    </p>

    <p class='ocr_par' dir='ltr' id='par_1_7' title="bbox 43 429 1053 481">
     <span class='ocr_line' id='line_1_8' title="bbox 43 429 1053 481; baseline -0.004 -13"><span class='ocrx_word' id='word_1_36' title='bbox 43 433 193 481; x_wconf 82' lang='lat' dir='ltr'>Rumpe</span> <span class='ocrx_word' id='word_1_37' title='bbox 212 444 352 477; x_wconf 77' lang='lat' dir='ltr'>moras3</span> <span class='ocrx_word' id='word_1_38' title='bbox 370 437 481 466; x_wconf 84' lang='lat' dir='ltr'>vocat</span> <span class='ocrx_word' id='word_1_39' title='bbox 500 429 642 479; x_wconf 83' lang='lat' dir='ltr'>ingenti</span> <span class='ocrx_word' id='word_1_40' title='bbox 662 430 825 466; x_wconf 86' lang='lat' dir='ltr'>clamore</span> <span class='ocrx_word' id='word_1_41' title='bbox 845 429 1053 474; x_wconf 75' lang='lat' dir='ltr'>Cithaeron,</span> 
     </span>
    </p>
   </div>
   <div class='ocr_carea' id='block_1_4' title="bbox 16 573 616 2225">
    <p class='ocr_par' dir='ltr' id='par_1_8' title="bbox 16 573 616 2225">
     <span class='ocr_line' id='line_1_9' title="bbox 45 573 613 605; baseline -0.005 -1"><span class='ocrx_word' id='word_1_42' title='bbox 45 575 150 605; x_wconf 81' lang='lat' dir='ltr'>omnia</span> <span class='ocrx_word' id='word_1_43' title='bbox 180 575 355 603; x_wconf 80' lang='lat' dir='ltr'>exornavit.</span> <span class='ocrx_word' id='word_1_44' title='bbox 383 574 507 603; x_wconf 78' lang='lat' dir='ltr'>Scilicet</span> <span class='ocrx_word' id='word_1_45' title='bbox 533 573 613 602; x_wconf 87' lang='lat' dir='ltr'>bella</span> 
     </span>
     <span class='ocr_line' id='line_1_10' title="bbox 45 619 615 660; baseline -0.004 -10"><span class='ocrx_word' id='word_1_46' title='bbox 45 620 148 650; x_wconf 82' lang='lat' dir='ltr'>civilia</span> <span class='ocrx_word' id='word_1_47' title='bbox 161 621 355 660; x_wconf 85' lang='lat' dir='ltr'>omninoque</span> <span class='ocrx_word' id='word_1_48' title='bbox 371 619 557 649; x_wconf 79' lang='lat' dir='ltr'>discordiam</span> <span class='ocrx_word' id='word_1_49' title='bbox 574 621 615 648; x_wconf 88' lang='lat' dir='ltr'>ci-</span> 
     </span>
     <span class='ocr_line' id='line_1_11' title="bbox 44 666 613 706; baseline -0.002 -11"><span class='ocrx_word' id='word_1_50' title='bbox 44 668 133 696; x_wconf 82' lang='lat' dir='ltr'>vium</span> <span class='ocrx_word' id='word_1_51' title='bbox 154 667 217 704; x_wconf 88' lang='lat' dir='ltr'>jam</span> <span class='ocrx_word' id='word_1_52' title='bbox 233 666 325 706; x_wconf 89' lang='lat' dir='ltr'>plane</span> <span class='ocrx_word' id='word_1_53' title='bbox 341 667 508 695; x_wconf 79' lang='lat' dir='ltr'>coercitam</span> <span class='ocrx_word' id='word_1_54' title='bbox 532 675 613 701; x_wconf 86' lang='lat' dir='ltr'>esse,</span> 
     </span>
     <span class='ocr_line' id='line_1_12' title="bbox 45 711 614 753; baseline -0.004 -12"><span class='ocrx_word' id='word_1_55' title='bbox 45 712 219 753; x_wconf 79' lang='lat' dir='ltr'>symbolice</span> <span class='ocrx_word' id='word_1_56' title='bbox 249 713 373 748; x_wconf 80' lang='lat' dir='ltr'>innuit;</span> <span class='ocrx_word' id='word_1_57' title='bbox 397 719 433 741; x_wconf 93' lang='lat' dir='ltr'>ut</span> <span class='ocrx_word' id='word_1_58' title='bbox 462 713 497 740; x_wconf 91' lang='lat' dir='ltr'>in</span> <span class='ocrx_word' id='word_1_59' title='bbox 519 711 614 740; x_wconf 86' lang='lat' dir='ltr'>simili</span> 
     </span>
     <span class='ocr_line' id='line_1_13' title="bbox 43 757 610 799; baseline -0.002 -11"><span class='ocrx_word' id='word_1_60' title='bbox 43 760 178 799; x_wconf 84' lang='lat' dir='ltr'>imagine</span> <span class='ocrx_word' id='word_1_61' title='bbox 196 758 393 787; x_wconf 77' lang='lat' dir='ltr'>Claudentur</span> <span class='ocrx_word' id='word_1_62' title='bbox 403 757 480 787; x_wconf 75' lang='lat' dir='ltr'>belli</span> <span class='ocrx_word' id='word_1_63' title='bbox 490 765 610 797; x_wconf 62' lang='lat' dir='ltr'>porcae,</span> 
     </span>
     <span class='ocr_line' id='line_1_14' title="bbox 45 803 614 844; baseline -0.002 -11"><span class='ocrx_word' id='word_1_64' title='bbox 45 807 145 834; x_wconf 81' lang='lat' dir='ltr'>Furor</span> <span class='ocrx_word' id='word_1_65' title='bbox 166 804 278 844; x_wconf 72' lang='lat' dir='ltr'>impius</span> <span class='ocrx_word' id='word_1_66' title='bbox 295 804 378 833; x_wconf 82' lang='lat' dir='ltr'>intus</span> <span class='ocrx_word' id='word_1_67' title='bbox 401 805 490 833; x_wconf 68' lang='lat' dir='ltr'>Saeva</span> <span class='ocrx_word' id='word_1_68' title='bbox 503 803 614 833; x_wconf 81' lang='lat' dir='ltr'>sedens</span> 
     </span>
     <span class='ocr_line' id='line_1_15' title="bbox 44 851 611 890; baseline -0.002 -11"><span class='ocrx_word' id='word_1_69' title='bbox 44 861 139 890; x_wconf 79' lang='lat' dir='ltr'>super</span> <span class='ocrx_word' id='word_1_70' title='bbox 152 861 242 879; x_wconf 84' lang='lat' dir='ltr'>arma</span> <span class='ocrx_word' id='word_1_71' title='bbox 260 858 319 880; x_wconf 88' lang='lat' dir='ltr'>etc.</span> <span class='ocrx_word' id='word_1_72' title='bbox 337 853 406 880; x_wconf 85' lang='lat' dir='ltr'>AEn.</span> <span class='ocrx_word' id='word_1_73' title='bbox 427 852 457 886; x_wconf 84' lang='grc' dir='ltr'>Ι,</span> <span class='ocrx_word' id='word_1_74' title='bbox 477 851 540 889; x_wconf 83' lang='grc'>293</span> <span class='ocrx_word' id='word_1_75' title='bbox 566 861 611 889; x_wconf 86' lang='lat' dir='ltr'>sq.</span> 
     </span>
     <span class='ocr_line' id='line_1_16' title="bbox 46 897 613 937; baseline -0.004 -11"><span class='ocrx_word' id='word_1_76' title='bbox 46 905 184 926; x_wconf 79' lang='lat' dir='ltr'>metuere</span> <span class='ocrx_word' id='word_1_77' title='bbox 198 897 371 937; x_wconf 77' lang='lat' dir='ltr'>Cocytum,</span> <span class='ocrx_word' id='word_1_78' title='bbox 388 897 508 925; x_wconf 79' lang='lat' dir='ltr'>Ixionis</span> <span class='ocrx_word' id='word_1_79' title='bbox 525 902 555 925; x_wconf 91' lang='lat' dir='ltr'>et</span> <span class='ocrx_word' id='word_1_80' title='bbox 568 897 613 925; x_wconf 84' lang='lat' dir='ltr'>Si-</span> 
     </span>
     <span class='ocr_line' id='line_1_17' title="bbox 45 941 613 984; baseline -0.002 -13"><span class='ocrx_word' id='word_1_81' title='bbox 45 943 140 984; x_wconf 74' lang='lat' dir='ltr'>syphi</span> <span class='ocrx_word' id='word_1_82' title='bbox 161 943 370 983; x_wconf 86' lang='lat' dir='ltr'>supplicium,</span> <span class='ocrx_word' id='word_1_83' title='bbox 397 942 519 971; x_wconf 89' lang='lat' dir='ltr'>Invidia</span> <span class='ocrx_word' id='word_1_84' title='bbox 536 941 613 970; x_wconf 82' lang='lat' dir='ltr'>‹lici-</span> 
     </span>
     <span class='ocr_line' id='line_1_18' title="bbox 46 989 613 1029; baseline -0.004 -11"><span class='ocrx_word' id='word_1_85' title='bbox 46 995 99 1018; x_wconf 89' lang='lat' dir='ltr'>tur</span> <span class='ocrx_word' id='word_1_86' title='bbox 121 996 246 1025; x_wconf 88' lang='lat' dir='ltr'>ornate,</span> <span class='ocrx_word' id='word_1_87' title='bbox 264 999 333 1029; x_wconf 81' lang='lat' dir='ltr'>quae</span> <span class='ocrx_word' id='word_1_88' title='bbox 348 989 381 1017; x_wconf 91' lang='lat' dir='ltr'>in</span> <span class='ocrx_word' id='word_1_89' title='bbox 399 990 529 1018; x_wconf 68' lang='lat' dir='ltr'>&#39;I‘artaro</span> <span class='ocrx_word' id='word_1_90' title='bbox 545 999 613 1017; x_wconf 83' lang='lat' dir='ltr'>ver-</span> 
     </span>
     <span class='ocr_line' id='line_1_19' title="bbox 45 1035 614 1073; baseline -0.002 -10"><span class='ocrx_word' id='word_1_91' title='bbox 45 1041 146 1072; x_wconf 86' lang='lat' dir='ltr'>satur,</span> <span class='ocrx_word' id='word_1_92' title='bbox 158 1045 192 1063; x_wconf 88' lang='lat' dir='ltr'>ac</span> <span class='ocrx_word' id='word_1_93' title='bbox 208 1036 234 1064; x_wconf 88' lang='lat' dir='ltr'>si</span> <span class='ocrx_word' id='word_1_94' title='bbox 245 1035 374 1064; x_wconf 86' lang='lat' dir='ltr'>istarum</span> <span class='ocrx_word' id='word_1_95' title='bbox 391 1044 496 1064; x_wconf 82' lang='lat' dir='ltr'>rerum</span> <span class='ocrx_word' id='word_1_96' title='bbox 511 1045 614 1073; x_wconf 83' lang='lat' dir='ltr'>aspec-</span> 
     </span>
     <span class='ocr_line' id='line_1_20' title="bbox 45 1079 613 1117; baseline -0.004 -7"><span class='ocrx_word' id='word_1_97' title='bbox 45 1087 80 1110; x_wconf 90' lang='lat' dir='ltr'>tu</span> <span class='ocrx_word' id='word_1_98' title='bbox 105 1087 272 1117; x_wconf 82' lang='lat' dir='ltr'>terreatur3</span> <span class='ocrx_word' id='word_1_99' title='bbox 290 1087 326 1109; x_wconf 89' lang='lat' dir='ltr'>ut</span> <span class='ocrx_word' id='word_1_100' title='bbox 348 1080 419 1109; x_wconf 87' lang='lat' dir='ltr'>alias</span> <span class='ocrx_word' id='word_1_101' title='bbox 439 1079 563 1109; x_wconf 71' lang='lat' dir='ltr'>horrere</span> <span class='ocrx_word' id='word_1_102' title='bbox 578 1090 613 1108; x_wconf 91' lang='lat' dir='ltr'>ac</span> 
     </span>
     <span class='ocr_line' id='line_1_21' title="bbox 47 1125 613 1166; baseline -0.004 -10"><span class='ocrx_word' id='word_1_103' title='bbox 47 1126 158 1156; x_wconf 76' lang='lat' dir='ltr'>terreri</span> <span class='ocrx_word' id='word_1_104' title='bbox 177 1127 293 1156; x_wconf 83' lang='lat' dir='ltr'>dicitur</span> <span class='ocrx_word' id='word_1_105' title='bbox 317 1136 376 1166; x_wconf 88' lang='lat' dir='ltr'>pro</span> <span class='ocrx_word' id='word_1_106' title='bbox 403 1126 537 1166; x_wconf 76' lang='lat' dir='ltr'>simplici</span> <span class='ocrx_word' id='word_1_107' title='bbox 562 1125 613 1155; x_wconf 65' lang='lat' dir='ltr'>vi-</span> 
     </span>
     <span class='ocr_line' id='line_1_22' title="bbox 44 1173 613 1212; baseline -0.002 -10"><span class='ocrx_word' id='word_1_108' title='bbox 44 1173 128 1203; x_wconf 82' lang='lat' dir='ltr'>dere.</span> <span class='ocrx_word' id='word_1_109' title='bbox 145 1174 289 1207; x_wconf 77' lang='lat' dir='ltr'>Severus,</span> <span class='ocrx_word' id='word_1_110' title='bbox 304 1178 494 1212; x_wconf 89' lang='lat' dir='ltr'>perpetuum</span> <span class='ocrx_word' id='word_1_111' title='bbox 507 1182 613 1201; x_wconf 86' lang='lat' dir='ltr'>rerum</span> 
     </span>
     <span class='ocr_line' id='line_1_23' title="bbox 44 1218 614 1258; baseline -0.004 -10"><span class='ocrx_word' id='word_1_112' title='bbox 44 1218 238 1248; x_wconf 87' lang='lat' dir='ltr'>infernarum</span> <span class='ocrx_word' id='word_1_113' title='bbox 253 1218 431 1258; x_wconf 83' lang='lat' dir='ltr'>epitheton,</span> <span class='ocrx_word' id='word_1_114' title='bbox 449 1225 484 1247; x_wconf 92' lang='lat' dir='ltr'>ut</span> <span class='ocrx_word' id='word_1_115' title='bbox 502 1219 596 1247; x_wconf 81' lang='lat' dir='ltr'>tristis</span> <span class='ocrx_word' id='word_1_116' title='bbox 606 1241 614 1256; x_wconf 89' lang='lat'>‚</span> 
     </span>
     <span class='ocr_line' id='line_1_24' title="bbox 44 1264 612 1295; baseline 0.002 -1"><span class='ocrx_word' id='word_1_117' title='bbox 44 1275 156 1295; x_wconf 79' lang='lat' dir='ltr'>saevus.</span> <span class='ocrx_word' id='word_1_118' title='bbox 166 1282 214 1287; x_wconf 92' lang='lat'>—</span> <span class='ocrx_word' id='word_1_119' title='bbox 222 1266 274 1295; x_wconf 83' lang='lat'>38.</span> <span class='ocrx_word' id='word_1_120' title='bbox 287 1264 412 1293; x_wconf 73' lang='lat' dir='ltr'>Ixionis</span> <span class='ocrx_word' id='word_1_121' title='bbox 425 1264 511 1293; x_wconf 83' lang='lat' dir='ltr'>orbes</span> <span class='ocrx_word' id='word_1_122' title='bbox 521 1266 612 1295; x_wconf 85' lang='lat' dir='ltr'>Rom.</span> 
     </span>
     <span class='ocr_line' id='line_1_25' title="bbox 45 1309 616 1351; baseline 0 -11"><span class='ocrx_word' id='word_1_123' title='bbox 45 1310 132 1350; x_wconf 87' lang='lat' dir='ltr'>quod</span> <span class='ocrx_word' id='word_1_124' title='bbox 147 1311 281 1351; x_wconf 80' lang='lat' dir='ltr'>vulgatae</span> <span class='ocrx_word' id='word_1_125' title='bbox 289 1309 474 1350; x_wconf 81' lang='lat' dir='ltr'>praeferebat</span> <span class='ocrx_word' id='word_1_126' title='bbox 483 1311 532 1339; x_wconf 88' lang='lat' dir='ltr'>vir</span> <span class='ocrx_word' id='word_1_127' title='bbox 542 1309 616 1340; x_wconf 88' lang='lat' dir='ltr'>doc-</span> 
     </span>
     <span class='ocr_line' id='line_1_26' title="bbox 44 1356 609 1396; baseline 0.004 -11"><span class='ocrx_word' id='word_1_128' title='bbox 44 1363 115 1393; x_wconf 83' lang='lat' dir='ltr'>tus,</span> <span class='ocrx_word' id='word_1_129' title='bbox 145 1358 181 1386; x_wconf 88' lang='lat' dir='ltr'>in</span> <span class='ocrx_word' id='word_1_130' title='bbox 202 1357 295 1386; x_wconf 85' lang='lat' dir='ltr'>Misc.</span> <span class='ocrx_word' id='word_1_131' title='bbox 320 1356 411 1386; x_wconf 87' lang='lat' dir='ltr'>obss.</span> <span class='ocrx_word' id='word_1_132' title='bbox 438 1356 501 1386; x_wconf 85' lang='lat' dir='ltr'>vol.</span> <span class='ocrx_word' id='word_1_133' title='bbox 523 1357 555 1393; x_wconf 87' lang='lat' dir='ltr'>I,</span> <span class='ocrx_word' id='word_1_134' title='bbox 577 1367 609 1396; x_wconf 89' lang='lat' dir='ltr'>p.</span> 
     </span>
     <span class='ocr_line' id='line_1_27' title="bbox 47 1401 610 1442; baseline 0.002 -11"><span class='ocrx_word' id='word_1_135' title='bbox 47 1402 112 1441; x_wconf 84' lang='lat'>269</span> <span class='ocrx_word' id='word_1_136' title='bbox 127 1409 158 1432; x_wconf 86' lang='lat' dir='ltr'>et</span> <span class='ocrx_word' id='word_1_137' title='bbox 174 1403 250 1442; x_wconf 81' lang='lat'>3903</span> <span class='ocrx_word' id='word_1_138' title='bbox 266 1401 331 1432; x_wconf 84' lang='lat' dir='ltr'>vol.</span> <span class='ocrx_word' id='word_1_139' title='bbox 347 1403 394 1430; x_wconf 92' lang='lat' dir='ltr'>III</span> <span class='ocrx_word' id='word_1_140' title='bbox 405 1424 413 1438; x_wconf 89' lang='lat'><strong><em>‚</em></strong></span> <span class='ocrx_word' id='word_1_141' title='bbox 428 1411 459 1442; x_wconf 85' lang='lat' dir='ltr'>p.</span> <span class='ocrx_word' id='word_1_142' title='bbox 479 1403 554 1441; x_wconf 82' lang='lat'>309.</span> <span class='ocrx_word' id='word_1_143' title='bbox 572 1403 610 1433; x_wconf 88' lang='lat' dir='ltr'>In</span> 
     </span>
     <span class='ocr_line' id='line_1_28' title="bbox 43 1447 609 1486; baseline 0.004 -10"><span class='ocrx_word' id='word_1_144' title='bbox 43 1447 153 1478; x_wconf 84' lang='lat' dir='ltr'>iisdem</span> <span class='ocrx_word' id='word_1_145' title='bbox 167 1471 175 1486; x_wconf 80' lang='lat'><strong>,</strong></span> <span class='ocrx_word' id='word_1_146' title='bbox 207 1458 279 1477; x_wconf 89' lang='lat' dir='ltr'>cum</span> <span class='ocrx_word' id='word_1_147' title='bbox 311 1447 507 1478; x_wconf 80' lang='lat' dir='ltr'>Marckland.</span> <span class='ocrx_word' id='word_1_148' title='bbox 533 1459 609 1478; x_wconf 84' lang='lat' dir='ltr'>con-</span> 
     </span>
     <span class='ocr_line' id='line_1_29' title="bbox 41 1494 611 1531; baseline 0.004 -8"><span class='ocrx_word' id='word_1_149' title='bbox 41 1495 162 1531; x_wconf 81' lang='lat' dir='ltr'>jectura</span> <span class='ocrx_word' id='word_1_150' title='bbox 177 1494 304 1523; x_wconf 76' lang='lat' dir='ltr'>Ixionis</span> <span class='ocrx_word' id='word_1_151' title='bbox 317 1504 412 1531; x_wconf 80' lang='lat' dir='ltr'>axes,</span> <span class='ocrx_word' id='word_1_152' title='bbox 423 1500 491 1523; x_wconf 90' lang='lat' dir='ltr'>tum</span> <span class='ocrx_word' id='word_1_153' title='bbox 504 1495 611 1525; x_wconf 80' lang='lat' dir='ltr'>Batavi</span> 
     </span>
     <span class='ocr_line' id='line_1_30' title="bbox 43 1540 609 1581; baseline 0 -12"><span class='ocrx_word' id='word_1_154' title='bbox 43 1540 127 1570; x_wconf 76' lang='lat' dir='ltr'>Edjt.</span> <span class='ocrx_word' id='word_1_155' title='bbox 148 1540 274 1570; x_wconf 72' lang='lat' dir='ltr'>Ixionis</span> <span class='ocrx_word' id='word_1_156' title='bbox 296 1547 383 1569; x_wconf 80' lang='lat' dir='ltr'>artus</span> <span class='ocrx_word' id='word_1_157' title='bbox 414 1540 464 1569; x_wconf 90' lang='lat' dir='ltr'>vel</span> <span class='ocrx_word' id='word_1_158' title='bbox 490 1551 609 1581; x_wconf 75' lang='lat' dir='ltr'>ungnes</span> 
     </span>
     <span class='ocr_line' id='line_1_31' title="bbox 42 1587 608 1627; baseline 0.004 -12"><span class='ocrx_word' id='word_1_159' title='bbox 42 1588 215 1627; x_wconf 87' lang='lat' dir='ltr'>proposita.</span> <span class='ocrx_word' id='word_1_160' title='bbox 271 1587 385 1617; x_wconf 89' lang='lat' dir='ltr'>Omnia</span> <span class='ocrx_word' id='word_1_161' title='bbox 433 1597 608 1626; x_wconf 81' lang='lat' dir='ltr'>perperam.</span> 
     </span>
     <span class='ocr_line' id='line_1_32' title="bbox 41 1632 606 1669; baseline 0.002 -7"><span class='ocrx_word' id='word_1_162' title='bbox 41 1633 135 1662; x_wconf 73' lang='lat' dir='ltr'>Axes</span> <span class='ocrx_word' id='word_1_163' title='bbox 157 1634 248 1662; x_wconf 85' lang='lat' dir='ltr'>etiam</span> <span class='ocrx_word' id='word_1_164' title='bbox 271 1633 432 1669; x_wconf 86' lang='lat' dir='ltr'>Davisius,</span> <span class='ocrx_word' id='word_1_165' title='bbox 449 1632 487 1661; x_wconf 84' lang='lat' dir='ltr'>ad</span> <span class='ocrx_word' id='word_1_166' title='bbox 507 1634 606 1663; x_wconf 87' lang='lat' dir='ltr'>Cicer.</span> 
     </span>
     <span class='ocr_line' id='line_1_33' title="bbox 42 1677 606 1717; baseline 0.004 -10"><span class='ocrx_word' id='word_1_167' title='bbox 42 1677 81 1708; x_wconf 90' lang='lat' dir='ltr'>de</span> <span class='ocrx_word' id='word_1_168' title='bbox 107 1681 147 1710; x_wconf 88' lang='lat' dir='ltr'>N.</span> <span class='ocrx_word' id='word_1_169' title='bbox 176 1681 215 1709; x_wconf 90' lang='lat' dir='ltr'>D.</span> <span class='ocrx_word' id='word_1_170' title='bbox 243 1680 293 1715; x_wconf 90' lang='grc' dir='ltr'>ΙΙ,</span> <span class='ocrx_word' id='word_1_171' title='bbox 313 1685 353 1714; x_wconf 78' lang='grc'>42</span> <span class='ocrx_word' id='word_1_172' title='bbox 370 1702 378 1716; x_wconf 89' lang='grc'>,</span> <span class='ocrx_word' id='word_1_173' title='bbox 402 1679 606 1717; x_wconf 84' lang='lat' dir='ltr'>conjectabat.</span> 
     </span>
     <span class='ocr_line' id='line_1_34' title="bbox 40 1723 609 1766; baseline 0.002 -12"><span class='ocrx_word' id='word_1_174' title='bbox 40 1741 87 1747; x_wconf 89' lang='lat'>—-—</span> <span class='ocrx_word' id='word_1_175' title='bbox 103 1726 131 1754; x_wconf 90' lang='lat' dir='ltr'><em>T</em></span> <span class='ocrx_word' id='word_1_176' title='bbox 129 1732 211 1755; x_wconf 84' lang='lat' dir='ltr'>ortos</span> <span class='ocrx_word' id='word_1_177' title='bbox 235 1723 359 1754; x_wconf 73' lang='lat' dir='ltr'>Ixionis</span> <span class='ocrx_word' id='word_1_178' title='bbox 382 1735 504 1765; x_wconf 80' lang='lat' dir='ltr'>angues</span> <span class='ocrx_word' id='word_1_179' title='bbox 515 1747 523 1762; x_wconf 87' lang='lat'>,</span> <span class='ocrx_word' id='word_1_180' title='bbox 542 1727 609 1766; x_wconf 86' lang='lat' dir='ltr'>qui-</span> 
     </span>
     <span class='ocr_line' id='line_1_35' title="bbox 41 1770 609 1812; baseline 0.002 -12"><span class='ocrx_word' id='word_1_181' title='bbox 41 1770 119 1808; x_wconf 88' lang='lat' dir='ltr'>bus,</span> <span class='ocrx_word' id='word_1_182' title='bbox 143 1782 203 1812; x_wconf 89' lang='lat' dir='ltr'>pro</span> <span class='ocrx_word' id='word_1_183' title='bbox 226 1771 380 1808; x_wconf 82' lang='lat' dir='ltr'>vincuh&#39;s,</span> <span class='ocrx_word' id='word_1_184' title='bbox 400 1771 546 1811; x_wconf 82' lang='lat' dir='ltr'>religatus</span> <span class='ocrx_word' id='word_1_185' title='bbox 563 1778 609 1801; x_wconf 91' lang='lat' dir='ltr'>est</span> 
     </span>
     <span class='ocr_line' id='line_1_36' title="bbox 42 1816 606 1857; baseline 0.004 -12"><span class='ocrx_word' id='word_1_186' title='bbox 42 1816 81 1846; x_wconf 86' lang='lat' dir='ltr'>ad</span> <span class='ocrx_word' id='word_1_187' title='bbox 93 1823 193 1846; x_wconf 87' lang='lat' dir='ltr'>rotam</span> <span class='ocrx_word' id='word_1_188' title='bbox 202 1839 210 1854; x_wconf 83' lang='grc'><strong>,</strong></span> <span class='ocrx_word' id='word_1_189' title='bbox 225 1824 392 1857; x_wconf 85' lang='lat' dir='ltr'>postquam</span> <span class='ocrx_word' id='word_1_190' title='bbox 404 1817 530 1847; x_wconf 88' lang='lat' dir='ltr'>illicitos</span> <span class='ocrx_word' id='word_1_191' title='bbox 547 1819 567 1848; x_wconf 91' lang='lat' dir='ltr'>J</span> <span class='ocrx_word' id='word_1_192' title='bbox 570 1828 606 1847; x_wconf 92' lang='lat' dir='ltr'>u-</span> 
     </span>
     <span class='ocr_line' id='line_1_37' title="bbox 42 1863 607 1903; baseline 0.002 -12"><span class='ocrx_word' id='word_1_193' title='bbox 42 1863 135 1892; x_wconf 83' lang='lat' dir='ltr'>nonis</span> <span class='ocrx_word' id='word_1_194' title='bbox 157 1864 270 1903; x_wconf 84' lang='lat' dir='ltr'>petivit</span> <span class='ocrx_word' id='word_1_195' title='bbox 294 1863 466 1902; x_wconf 83' lang='lat' dir='ltr'>amplexus.</span> <span class='ocrx_word' id='word_1_196' title='bbox 497 1865 544 1892; x_wconf 87' lang='lat' dir='ltr'>Ita</span> <span class='ocrx_word' id='word_1_197' title='bbox 576 1869 607 1892; x_wconf 91' lang='lat' dir='ltr'>et</span> 
     </span>
     <span class='ocr_line' id='line_1_38' title="bbox 42 1908 607 1948; baseline 0 -10"><span class='ocrx_word' id='word_1_198' title='bbox 42 1909 178 1938; x_wconf 85' lang='lat' dir='ltr'>Servius.</span> <span class='ocrx_word' id='word_1_199' title='bbox 199 1909 270 1939; x_wconf 87' lang='lat' dir='ltr'>Sive</span> <span class='ocrx_word' id='word_1_200' title='bbox 284 1915 376 1948; x_wconf 83' lang='lat' dir='ltr'>poeta</span> <span class='ocrx_word' id='word_1_201' title='bbox 391 1908 452 1938; x_wconf 90' lang='lat' dir='ltr'>hoc</span> <span class='ocrx_word' id='word_1_202' title='bbox 468 1909 534 1948; x_wconf 91' lang='lat' dir='ltr'>ipse</span> <span class='ocrx_word' id='word_1_203' title='bbox 553 1919 607 1938; x_wconf 84' lang='lat' dir='ltr'>ex-</span> 
     </span>
     <span class='ocr_line' id='line_1_39' title="bbox 43 1953 606 1995; baseline 0.002 -12"><span class='ocrx_word' id='word_1_204' title='bbox 43 1955 206 1995; x_wconf 83' lang='lat' dir='ltr'>cogitavit,</span> <span class='ocrx_word' id='word_1_205' title='bbox 222 1955 287 1983; x_wconf 87' lang='lat' dir='ltr'>sive</span> <span class='ocrx_word' id='word_1_206' title='bbox 295 1977 302 1991; x_wconf 89' lang='lat'>‚</span> <span class='ocrx_word' id='word_1_207' title='bbox 314 1953 401 1993; x_wconf 89' lang='lat' dir='ltr'>quod</span> <span class='ocrx_word' id='word_1_208' title='bbox 410 1954 606 1994; x_wconf 85' lang='lat' dir='ltr'>probabilius</span> 
     </span>
     <span class='ocr_line' id='line_1_40' title="bbox 16 1998 606 2041; baseline 0.003 -13"><span class='ocrx_word' id='word_1_209' title='bbox 16 2034 25 2041; x_wconf 51' lang='grc'><em>.</em></span> <span class='ocrx_word' id='word_1_210' title='bbox 42 1998 97 2036; x_wconf 87' lang='lat' dir='ltr'>fit,</span> <span class='ocrx_word' id='word_1_211' title='bbox 112 2011 152 2029; x_wconf 87' lang='lat' dir='ltr'>ex</span> <span class='ocrx_word' id='word_1_212' title='bbox 180 2006 271 2040; x_wconf 87' lang='lat' dir='ltr'>poeta</span> <span class='ocrx_word' id='word_1_213' title='bbox 304 2000 416 2030; x_wconf 65' lang='lat' dir='ltr'>Graeco</span> <span class='ocrx_word' id='word_1_214' title='bbox 442 2007 606 2041; x_wconf 84' lang='lat' dir='ltr'>acceptum</span> 
     </span>
     <span class='ocr_line' id='line_1_41' title="bbox 42 2045 606 2087; baseline 0.002 -12"><span class='ocrx_word' id='word_1_215' title='bbox 42 2045 155 2075; x_wconf 86' lang='lat' dir='ltr'>habuit</span> <span class='ocrx_word' id='word_1_216' title='bbox 171 2055 178 2076; x_wconf 92' lang='lat'>:</span> <span class='ocrx_word' id='word_1_217' title='bbox 198 2046 359 2087; x_wconf 85' lang='lat' dir='ltr'>ingeniose</span> <span class='ocrx_word' id='word_1_218' title='bbox 389 2056 451 2086; x_wconf 89' lang='lat' dir='ltr'>pro</span> <span class='ocrx_word' id='word_1_219' title='bbox 471 2047 606 2076; x_wconf 84' lang='lat' dir='ltr'>vinculis</span> 
     </span>
     <span class='ocr_line' id='line_1_42' title="bbox 43 2092 607 2133; baseline 0.002 -12"><span class='ocrx_word' id='word_1_220' title='bbox 43 2101 159 2132; x_wconf 76' lang='lat' dir='ltr'>angues</span> <span class='ocrx_word' id='word_1_221' title='bbox 184 2093 331 2122; x_wconf 84' lang='lat' dir='ltr'>innexuit</span> <span class='ocrx_word' id='word_1_222' title='bbox 363 2093 478 2122; x_wconf 85' lang='lat' dir='ltr'>Ixioni.</span> <span class='ocrx_word' id='word_1_223' title='bbox 501 2092 607 2133; x_wconf 86' lang='lat' dir='ltr'>Vulgo</span> 
     </span>
     <span class='ocr_line' id='line_1_43' title="bbox 42 2137 608 2178; baseline 0.004 -12"><span class='ocrx_word' id='word_1_224' title='bbox 42 2137 226 2178; x_wconf 88' lang='lat' dir='ltr'>simpliciter</span> <span class='ocrx_word' id='word_1_225' title='bbox 238 2138 365 2167; x_wconf 80' lang='lat' dir='ltr'>vincula</span> <span class='ocrx_word' id='word_1_226' title='bbox 380 2144 410 2167; x_wconf 90' lang='lat' dir='ltr'>et</span> <span class='ocrx_word' id='word_1_227' title='bbox 427 2148 529 2168; x_wconf 78' lang='lat' dir='ltr'>nexus</span> <span class='ocrx_word' id='word_1_228' title='bbox 547 2149 608 2168; x_wconf 86' lang='lat' dir='ltr'>me-</span> 
     </span>
     <span class='ocr_line' id='line_1_44' title="bbox 43 2182 607 2225; baseline 0.005 -13"><span class='ocrx_word' id='word_1_229' title='bbox 43 2182 207 2214; x_wconf 82' lang='lat' dir='ltr'>morantur</span> <span class='ocrx_word' id='word_1_230' title='bbox 222 2193 230 2215; x_wconf 92' lang='lat'><strong>:</strong></span> <span class='ocrx_word' id='word_1_231' title='bbox 249 2183 312 2214; x_wconf 83' lang='lat' dir='ltr'>vid.</span> <span class='ocrx_word' id='word_1_232' title='bbox 334 2185 485 2225; x_wconf 86' lang='lat' dir='ltr'>Apollon.</span> <span class='ocrx_word' id='word_1_233' title='bbox 502 2184 607 2216; x_wconf 84' lang='lat' dir='ltr'>Rhod.</span> 
     </span>
    </p>
   </div>
   <div class='ocr_carea' id='block_1_5' title="bbox 659 572 1238 2224">
    <p class='ocr_par' dir='ltr' id='par_1_9' title="bbox 666 572 1238 1165">
     <span class='ocr_line' id='line_1_45' title="bbox 668 572 1234 610; baseline 0.004 -8"><span class='ocrx_word' id='word_1_234' title='bbox 668 574 735 610; x_wconf 83' lang='grc' dir='ltr'>ΙΙΙ,</span> <span class='ocrx_word' id='word_1_235' title='bbox 756 573 810 603; x_wconf 87' lang='grc'>62.</span> <span class='ocrx_word' id='word_1_236' title='bbox 828 572 899 602; x_wconf 88' lang='lat' dir='ltr'>Alia</span> <span class='ocrx_word' id='word_1_237' title='bbox 918 572 986 602; x_wconf 86' lang='lat' dir='ltr'>loca</span> <span class='ocrx_word' id='word_1_238' title='bbox 1003 572 1067 603; x_wconf 82' lang='lat' dir='ltr'>vid.</span> <span class='ocrx_word' id='word_1_239' title='bbox 1090 574 1123 603; x_wconf 89' lang='lat' dir='ltr'>in</span> <span class='ocrx_word' id='word_1_240' title='bbox 1143 575 1234 604; x_wconf 71' lang='lat' dir='ltr'>Misc,</span> 
     </span>
     <span class='ocr_line' id='line_1_46' title="bbox 667 619 1234 661; baseline 0.004 -12"><span class='ocrx_word' id='word_1_241' title='bbox 667 619 760 649; x_wconf 87' lang='lat' dir='ltr'>Obss.</span> <span class='ocrx_word' id='word_1_242' title='bbox 768 619 831 648; x_wconf 77' lang='lat' dir='ltr'>vol.</span> <span class='ocrx_word' id='word_1_243' title='bbox 841 620 981 659; x_wconf 85' lang='lat' dir='ltr'>I‚p.269;</span> <span class='ocrx_word' id='word_1_244' title='bbox 991 619 1053 650; x_wconf 79' lang='lat' dir='ltr'>vol.</span> <span class='ocrx_word' id='word_1_245' title='bbox 1062 621 1120 656; x_wconf 82' lang='grc' dir='ltr'><strong>ΙΙΙ,</strong></span> <span class='ocrx_word' id='word_1_246' title='bbox 1129 631 1159 661; x_wconf 92' lang='lat' dir='ltr'>p.</span> <span class='ocrx_word' id='word_1_247' title='bbox 1171 622 1187 650; x_wconf 82' lang='lat'>3</span> <span class='ocrx_word' id='word_1_248' title='bbox 1197 632 1208 650; x_wconf 93' lang='lat'>1</span> <span class='ocrx_word' id='word_1_249' title='bbox 1217 632 1234 650; x_wconf 87' lang='lat'>2</span> 
     </span>
     <span class='ocr_line' id='line_1_47' title="bbox 667 664 1238 705; baseline 0.005 -12"><span class='ocrx_word' id='word_1_250' title='bbox 667 664 885 704; x_wconf 86' lang='lat' dir='ltr'>sq.Indulsisse</span> <span class='ocrx_word' id='word_1_251' title='bbox 894 665 954 694; x_wconf 89' lang='lat' dir='ltr'>sibi</span> <span class='ocrx_word' id='word_1_252' title='bbox 962 673 1069 705; x_wconf 86' lang='lat' dir='ltr'>poetas</span> <span class='ocrx_word' id='word_1_253' title='bbox 1076 667 1109 695; x_wconf 90' lang='lat' dir='ltr'>in</span> <span class='ocrx_word' id='word_1_254' title='bbox 1118 668 1238 699; x_wconf 80' lang='lat' dir='ltr'>Ixionis</span> 
     </span>
     <span class='ocr_line' id='line_1_48' title="bbox 667 710 1235 748; baseline 0.009 -10"><span class='ocrx_word' id='word_1_255' title='bbox 667 717 734 739; x_wconf 87' lang='lat' dir='ltr'>rota</span> <span class='ocrx_word' id='word_1_256' title='bbox 746 710 910 748; x_wconf 86' lang='lat' dir='ltr'>volvenda,</span> <span class='ocrx_word' id='word_1_257' title='bbox 922 711 1100 741; x_wconf 87' lang='lat' dir='ltr'>videbimus</span> <span class='ocrx_word' id='word_1_258' title='bbox 1110 713 1166 743; x_wconf 85' lang='lat' dir='ltr'>inf.</span> <span class='ocrx_word' id='word_1_259' title='bbox 1179 714 1235 743; x_wconf 85' lang='lat' dir='ltr'>Ge.</span> 
     </span>
     <span class='ocr_line' id='line_1_49' title="bbox 668 757 1238 798; baseline 0.005 -13"><span class='ocrx_word' id='word_1_260' title='bbox 668 758 725 792; x_wconf 85' lang='lat' dir='ltr'>IV,</span> <span class='ocrx_word' id='word_1_261' title='bbox 745 757 821 792; x_wconf 75' lang='grc'>484.</span> <span class='ocrx_word' id='word_1_262' title='bbox 844 759 966 786; x_wconf 65' lang='lat' dir='ltr'>Saxum</span> <span class='ocrx_word' id='word_1_263' title='bbox 990 759 1115 798; x_wconf 84' lang='lat' dir='ltr'>Sisyphi</span> <span class='ocrx_word' id='word_1_264' title='bbox 1135 760 1238 788; x_wconf 86' lang='lat' dir='ltr'>notari</span> 
     </span>
     <span class='ocr_line' id='line_1_50' title="bbox 668 802 1238 844; baseline 0.005 -12"><span class='ocrx_word' id='word_1_265' title='bbox 668 802 799 832; x_wconf 86' lang='lat' dir='ltr'>obvium</span> <span class='ocrx_word' id='word_1_266' title='bbox 810 810 869 839; x_wconf 87' lang='lat' dir='ltr'>est;</span> <span class='ocrx_word' id='word_1_267' title='bbox 882 803 969 843; x_wconf 87' lang='lat' dir='ltr'>quod</span> <span class='ocrx_word' id='word_1_268' title='bbox 979 805 1164 844; x_wconf 72' lang='lat' dir='ltr'>exsuperari</span> <span class='ocrx_word' id='word_1_269' title='bbox 1171 816 1238 835; x_wconf 91' lang='lat' dir='ltr'>non</span> 
     </span>
     <span class='ocr_line' id='line_1_51' title="bbox 668 849 1237 889; baseline 0.005 -12"><span class='ocrx_word' id='word_1_270' title='bbox 668 855 772 888; x_wconf 86' lang='lat' dir='ltr'>potest</span> <span class='ocrx_word' id='word_1_271' title='bbox 799 849 952 878; x_wconf 84' lang='lat' dir='ltr'>haetenus</span> <span class='ocrx_word' id='word_1_272' title='bbox 968 872 976 886; x_wconf 93' lang='lat'>‚</span> <span class='ocrx_word' id='word_1_273' title='bbox 1009 852 1160 889; x_wconf 88' lang='lat' dir='ltr'>quoniam</span> <span class='ocrx_word' id='word_1_274' title='bbox 1200 851 1237 880; x_wconf 86' lang='lat' dir='ltr'>ad</span> 
     </span>
     <span class='ocr_line' id='line_1_52' title="bbox 668 896 1237 927; baseline 0.007 -4"><span class='ocrx_word' id='word_1_275' title='bbox 668 905 827 924; x_wconf 86' lang='lat' dir='ltr'>summum</span> <span class='ocrx_word' id='word_1_276' title='bbox 851 896 967 925; x_wconf 89' lang='lat' dir='ltr'>montis</span> <span class='ocrx_word' id='word_1_277' title='bbox 988 897 1131 926; x_wconf 88' lang='lat' dir='ltr'>virticem</span> <span class='ocrx_word' id='word_1_278' title='bbox 1152 908 1237 927; x_wconf 81' lang='lat' dir='ltr'>emo-</span> 
     </span>
     <span class='ocr_line' id='line_1_53' title="bbox 667 941 1237 982; baseline 0.007 -13"><span class='ocrx_word' id='word_1_279' title='bbox 667 942 735 969; x_wconf 78' lang='lat' dir='ltr'>veri</span> <span class='ocrx_word' id='word_1_280' title='bbox 750 947 780 970; x_wconf 87' lang='lat' dir='ltr'>et</span> <span class='ocrx_word' id='word_1_281' title='bbox 790 941 906 970; x_wconf 86' lang='lat' dir='ltr'>adduci</span> <span class='ocrx_word' id='word_1_282' title='bbox 922 943 1044 982; x_wconf 88' lang='lat' dir='ltr'>nequit.</span> <span class='ocrx_word' id='word_1_283' title='bbox 1058 942 1136 978; x_wconf 70' lang='grc' dir='ltr'>λᾶας</span> <span class='ocrx_word' id='word_1_284' title='bbox 1152 941 1237 974; x_wconf 73' lang='grc' dir='ltr'>ἀναι-</span> 
     </span>
     <span class='ocr_line' id='line_1_54' title="bbox 668 982 1235 1029; baseline 0.009 -14"><span class='ocrx_word' id='word_1_285' title='bbox 668 982 722 1020; x_wconf 66' lang='grc' dir='ltr'>δὴς</span> <span class='ocrx_word' id='word_1_286' title='bbox 740 987 854 1028; x_wconf 84' lang='lat' dir='ltr'>Odyss.</span> <span class='ocrx_word' id='word_1_287' title='bbox 879 990 897 1017; x_wconf 91' lang='grc' dir='ltr'>λ</span> <span class='ocrx_word' id='word_1_288' title='bbox 911 1009 919 1023; x_wconf 81' lang='lat'><strong>‚</strong></span> <span class='ocrx_word' id='word_1_289' title='bbox 940 988 1002 1027; x_wconf 86' lang='lat'>597</span> <span class='ocrx_word' id='word_1_290' title='bbox 1014 1009 1022 1025; x_wconf 90' lang='lat'><strong>,</strong></span> <span class='ocrx_word' id='word_1_291' title='bbox 1048 989 1213 1029; x_wconf 89' lang='lat' dir='ltr'>improbus</span> <span class='ocrx_word' id='word_1_292' title='bbox 1228 1014 1235 1027; x_wconf 92' lang='lat'><strong><em>‚</em></strong></span> 
     </span>
     <span class='ocr_line' id='line_1_55' title="bbox 666 1033 1236 1077; baseline 0.009 -16"><span class='ocrx_word' id='word_1_293' title='bbox 666 1034 777 1073; x_wconf 87' lang='lat' dir='ltr'>ingens</span> <span class='ocrx_word' id='word_1_294' title='bbox 788 1056 795 1069; x_wconf 89' lang='lat'>‚</span> <span class='ocrx_word' id='word_1_295' title='bbox 814 1034 870 1072; x_wconf 90' lang='lat' dir='ltr'>qui</span> <span class='ocrx_word' id='word_1_296' title='bbox 884 1033 1025 1073; x_wconf 86' lang='lat' dir='ltr'>pondere</span> <span class='ocrx_word' id='word_1_297' title='bbox 1046 1046 1104 1065; x_wconf 88' lang='lat' dir='ltr'>suo</span> <span class='ocrx_word' id='word_1_298' title='bbox 1120 1043 1211 1077; x_wconf 79' lang='lat' dir='ltr'>urget</span> <span class='ocrx_word' id='word_1_299' title='bbox 1228 1060 1236 1073; x_wconf 83' lang='lat'><strong><em>‚</em></strong></span> 
     </span>
     <span class='ocr_line' id='line_1_56' title="bbox 667 1079 1236 1122; baseline 0.009 -15"><span class='ocrx_word' id='word_1_300' title='bbox 667 1089 726 1108; x_wconf 86' lang='lat' dir='ltr'>nec</span> <span class='ocrx_word' id='word_1_301' title='bbox 753 1079 937 1109; x_wconf 86' lang='lat' dir='ltr'>submoveri</span> <span class='ocrx_word' id='word_1_302' title='bbox 950 1086 1054 1120; x_wconf 86' lang='lat' dir='ltr'>potest</span> <span class='ocrx_word' id='word_1_303' title='bbox 1065 1103 1073 1117; x_wconf 83' lang='grc'><em>,</em></span> <span class='ocrx_word' id='word_1_304' title='bbox 1095 1081 1236 1122; x_wconf 80' lang='lat' dir='ltr'>adeoque</span> 
     </span>
     <span class='ocr_line' id='line_1_57' title="bbox 667 1126 778 1165; baseline 0.018 -12"><span class='ocrx_word' id='word_1_305' title='bbox 667 1126 778 1165; x_wconf 86' lang='lat' dir='ltr'>gravis.</span> 
     </span>
    </p>

    <p class='ocr_par' dir='ltr' id='par_1_10' title="bbox 661 1173 1235 1623">
     <span class='ocr_line' id='line_1_58' title="bbox 716 1173 1235 1214; baseline 0.01 -14"><span class='ocrx_word' id='word_1_306' title='bbox 716 1177 769 1206; x_wconf 76' lang='grc' dir='ltr'>4ο.</span> <span class='ocrx_word' id='word_1_307' title='bbox 795 1173 918 1201; x_wconf 85' lang='lat' dir='ltr'>Interea</span> <span class='ocrx_word' id='word_1_308' title='bbox 951 1181 1172 1214; x_wconf 81' lang='lat' dir='ltr'>argumentum</span> <span class='ocrx_word' id='word_1_309' title='bbox 1204 1186 1235 1205; x_wconf 88' lang='lat' dir='ltr'>se</span> 
     </span>
     <span class='ocr_line' id='line_1_59' title="bbox 666 1217 1235 1261; baseline 0.011 -16"><span class='ocrx_word' id='word_1_310' title='bbox 666 1227 760 1246; x_wconf 89' lang='lat' dir='ltr'>suum</span> <span class='ocrx_word' id='word_1_311' title='bbox 778 1217 816 1246; x_wconf 89' lang='lat' dir='ltr'>de</span> <span class='ocrx_word' id='word_1_312' title='bbox 830 1225 1045 1248; x_wconf 80' lang='lat' dir='ltr'>armentorum</span> <span class='ocrx_word' id='word_1_313' title='bbox 1064 1230 1139 1250; x_wconf 91' lang='lat' dir='ltr'>cura</span> <span class='ocrx_word' id='word_1_314' title='bbox 1162 1231 1235 1261; x_wconf 90' lang='lat' dir='ltr'>pro-</span> 
     </span>
     <span class='ocr_line' id='line_1_60' title="bbox 667 1266 1234 1303; baseline 0.007 -11"><span class='ocrx_word' id='word_1_315' title='bbox 667 1270 878 1303; x_wconf 86' lang='lat' dir='ltr'>sequuturum</span> <span class='ocrx_word' id='word_1_316' title='bbox 904 1275 967 1294; x_wconf 91' lang='lat' dir='ltr'>esse</span> <span class='ocrx_word' id='word_1_317' title='bbox 989 1266 1042 1295; x_wconf 88' lang='lat' dir='ltr'>ait.</span> <span class='ocrx_word' id='word_1_318' title='bbox 1063 1266 1168 1296; x_wconf 77' lang='lat' dir='ltr'>Saltus</span> <span class='ocrx_word' id='word_1_319' title='bbox 1188 1267 1234 1296; x_wconf 82' lang='lat' dir='ltr'>in-</span> 
     </span>
     <span class='ocr_line' id='line_1_61' title="bbox 669 1310 1229 1351; baseline 0.011 -14"><span class='ocrx_word' id='word_1_320' title='bbox 669 1310 769 1338; x_wconf 77' lang='lat' dir='ltr'>ta‘ccos</span> <span class='ocrx_word' id='word_1_321' title='bbox 780 1333 788 1346; x_wconf 89' lang='lat'>‚</span> <span class='ocrx_word' id='word_1_322' title='bbox 812 1319 1032 1351; x_wconf 76' lang='lat' dir='ltr'>argumentum</span> <span class='ocrx_word' id='word_1_323' title='bbox 1062 1314 1229 1349; x_wconf 86' lang='lat' dir='ltr'>carminis,</span> 
     </span>
     <span class='ocr_line' id='line_1_62' title="bbox 664 1355 1232 1395; baseline 0.009 -11"><span class='ocrx_word' id='word_1_324' title='bbox 664 1355 752 1395; x_wconf 90' lang='lat' dir='ltr'>quod</span> <span class='ocrx_word' id='word_1_325' title='bbox 766 1355 875 1385; x_wconf 85' lang='lat' dir='ltr'>nullus</span> <span class='ocrx_word' id='word_1_326' title='bbox 891 1356 993 1386; x_wconf 86' lang='lat' dir='ltr'>adhuc</span> <span class='ocrx_word' id='word_1_327' title='bbox 1016 1358 1099 1387; x_wconf 87' lang='lat' dir='ltr'>inter</span> <span class='ocrx_word' id='word_1_328' title='bbox 1117 1361 1232 1389; x_wconf 85' lang='lat' dir='ltr'>Roma-</span> 
     </span>
     <span class='ocr_line' id='line_1_63' title="bbox 662 1404 1233 1444; baseline 0.007 -14"><span class='ocrx_word' id='word_1_329' title='bbox 662 1411 722 1430; x_wconf 88' lang='lat' dir='ltr'>nos</span> <span class='ocrx_word' id='word_1_330' title='bbox 736 1408 828 1441; x_wconf 85' lang='lat' dir='ltr'>poeta</span> <span class='ocrx_word' id='word_1_331' title='bbox 842 1404 993 1444; x_wconf 81' lang='lat' dir='ltr'>attigerat.</span> <span class='ocrx_word' id='word_1_332' title='bbox 1004 1404 1106 1433; x_wconf 76' lang='lat' dir='ltr'>Haud</span> <span class='ocrx_word' id='word_1_333' title='bbox 1121 1405 1233 1434; x_wconf 84' lang='lat' dir='ltr'>mollia</span> 
     </span>
     <span class='ocr_line' id='line_1_64' title="bbox 661 1447 1232 1487; baseline 0.011 -12"><span class='ocrx_word' id='word_1_334' title='bbox 661 1447 745 1484; x_wconf 87' lang='lat' dir='ltr'>jussa</span> <span class='ocrx_word' id='word_1_335' title='bbox 758 1447 791 1478; x_wconf 88' lang='lat' dir='ltr'>h.</span> <span class='ocrx_word' id='word_1_336' title='bbox 803 1448 893 1486; x_wconf 79' lang='lat' dir='ltr'>dura,</span> <span class='ocrx_word' id='word_1_337' title='bbox 905 1460 971 1478; x_wconf 89' lang='lat' dir='ltr'>rem</span> <span class='ocrx_word' id='word_1_338' title='bbox 978 1460 1044 1479; x_wconf 91' lang='lat' dir='ltr'>non</span> <span class='ocrx_word' id='word_1_339' title='bbox 1053 1450 1164 1487; x_wconf 86' lang='lat' dir='ltr'>levem,</span> <span class='ocrx_word' id='word_1_340' title='bbox 1173 1450 1232 1480; x_wconf 84' lang='lat' dir='ltr'>dif-</span> 
     </span>
     <span class='ocr_line' id='line_1_65' title="bbox 662 1491 1233 1536; baseline 0.011 -15"><span class='ocrx_word' id='word_1_341' title='bbox 662 1491 789 1530; x_wconf 84' lang='lat' dir='ltr'>ficilem,</span> <span class='ocrx_word' id='word_1_342' title='bbox 802 1495 1005 1534; x_wconf 85' lang='lat' dir='ltr'>imponentia.</span> <span class='ocrx_word' id='word_1_343' title='bbox 1017 1497 1125 1536; x_wconf 87' lang='lat' dir='ltr'>Itaque</span> <span class='ocrx_word' id='word_1_344' title='bbox 1139 1499 1182 1526; x_wconf 86' lang='lat' dir='ltr'>Te</span> <span class='ocrx_word' id='word_1_345' title='bbox 1194 1498 1233 1527; x_wconf 70' lang='grc' dir='ltr'>εἰ·</span> 
     </span>
     <span class='ocr_line' id='line_1_66' title="bbox 664 1540 1233 1578; baseline 0.011 -10"><span class='ocrx_word' id='word_1_346' title='bbox 664 1549 720 1576; x_wconf 85' lang='lat' dir='ltr'>ne,</span> <span class='ocrx_word' id='word_1_347' title='bbox 740 1540 801 1569; x_wconf 85' lang='lat' dir='ltr'>nisi</span> <span class='ocrx_word' id='word_1_348' title='bbox 815 1551 853 1570; x_wconf 87' lang='lat' dir='ltr'>eo</span> <span class='ocrx_word' id='word_1_349' title='bbox 869 1548 998 1571; x_wconf 88' lang='lat' dir='ltr'>auctore</span> <span class='ocrx_word' id='word_1_350' title='bbox 1009 1563 1017 1578; x_wconf 86' lang='lat'>‚</span> <span class='ocrx_word' id='word_1_351' title='bbox 1030 1552 1086 1571; x_wconf 84' lang='lat' dir='ltr'>seu</span> <span class='ocrx_word' id='word_1_352' title='bbox 1101 1545 1233 1574; x_wconf 82' lang='lat' dir='ltr'>suaserit</span> 
     </span>
     <span class='ocr_line' id='line_1_67' title="bbox 663 1586 868 1623; baseline 0.01 -8"><span class='ocrx_word' id='word_1_353' title='bbox 663 1595 716 1615; x_wconf 87' lang='lat' dir='ltr'>seu</span> <span class='ocrx_word' id='word_1_354' title='bbox 731 1586 868 1623; x_wconf 84' lang='lat' dir='ltr'>jusserit.</span> 
     </span>
    </p>

    <p class='ocr_par' dir='ltr' id='par_1_11' title="bbox 659 1634 1231 2224">
     <span class='ocr_line' id='line_1_68' title="bbox 710 1634 1228 1673; baseline 0.01 -12"><span class='ocrx_word' id='word_1_355' title='bbox 710 1638 763 1667; x_wconf 80' lang='lat'>42.</span> <span class='ocrx_word' id='word_1_356' title='bbox 783 1634 835 1667; x_wconf 77' lang='lat'>43.</span> <span class='ocrx_word' id='word_1_357' title='bbox 851 1634 1001 1663; x_wconf 88' lang='lat' dir='ltr'>Praeclare</span> <span class='ocrx_word' id='word_1_358' title='bbox 1014 1634 1094 1664; x_wconf 83' lang='lat' dir='ltr'>illud</span> <span class='ocrx_word' id='word_1_359' title='bbox 1108 1644 1116 1665; x_wconf 88' lang='lat'>:</span> <span class='ocrx_word' id='word_1_360' title='bbox 1133 1636 1228 1673; x_wconf 79' lang='lat' dir='ltr'>Ades,</span> 
     </span>
     <span class='ocr_line' id='line_1_69' title="bbox 662 1679 1229 1722; baseline 0.009 -16"><span class='ocrx_word' id='word_1_361' title='bbox 662 1688 682 1707; x_wconf 92' lang='grc' dir='ltr'><strong>ο</strong></span> <span class='ocrx_word' id='word_1_362' title='bbox 700 1679 869 1708; x_wconf 80' lang='lat' dir='ltr'>Maecenas!</span> <span class='ocrx_word' id='word_1_363' title='bbox 886 1679 943 1720; x_wconf 89' lang='lat' dir='ltr'>(ad</span> <span class='ocrx_word' id='word_1_364' title='bbox 968 1680 1146 1719; x_wconf 84' lang='lat' dir='ltr'>absentem,</span> <span class='ocrx_word' id='word_1_365' title='bbox 1169 1692 1229 1722; x_wconf 88' lang='lat' dir='ltr'>pu-</span> 
     </span>
     <span class='ocr_line' id='line_1_70' title="bbox 661 1723 1231 1767; baseline 0.011 -15"><span class='ocrx_word' id='word_1_366' title='bbox 661 1730 708 1760; x_wconf 86' lang='lat' dir='ltr'>ta,</span> <span class='ocrx_word' id='word_1_367' title='bbox 725 1723 846 1754; x_wconf 87' lang='lat' dir='ltr'>dictum</span> <span class='ocrx_word' id='word_1_368' title='bbox 859 1735 874 1754; x_wconf 86' lang='lat' dir='ltr'>a</span> <span class='ocrx_word' id='word_1_369' title='bbox 887 1725 1000 1767; x_wconf 88' lang='lat' dir='ltr'>poeta)</span> <span class='ocrx_word' id='word_1_370' title='bbox 1017 1737 1057 1755; x_wconf 82' lang='lat' dir='ltr'>ex</span> <span class='ocrx_word' id='word_1_371' title='bbox 1073 1738 1110 1757; x_wconf 89' lang='lat' dir='ltr'>eo</span> <span class='ocrx_word' id='word_1_372' title='bbox 1125 1736 1231 1765; x_wconf 85' lang='lat' dir='ltr'>ornat,</span> 
     </span>
     <span class='ocr_line' id='line_1_71' title="bbox 661 1771 1230 1812; baseline 0.009 -14"><span class='ocrx_word' id='word_1_373' title='bbox 661 1771 751 1809; x_wconf 89' lang='lat' dir='ltr'>quasi</span> <span class='ocrx_word' id='word_1_374' title='bbox 768 1781 874 1800; x_wconf 89' lang='lat' dir='ltr'>rerum</span> <span class='ocrx_word' id='word_1_375' title='bbox 889 1794 897 1808; x_wconf 82' lang='lat'><strong>‚</strong></span> <span class='ocrx_word' id='word_1_376' title='bbox 918 1782 994 1812; x_wconf 74' lang='lat' dir='ltr'>quas</span> <span class='ocrx_word' id='word_1_377' title='bbox 1008 1772 1152 1803; x_wconf 88' lang='lat' dir='ltr'>dicturus</span> <span class='ocrx_word' id='word_1_378' title='bbox 1171 1775 1210 1803; x_wconf 88' lang='lat' dir='ltr'>sit</span> <span class='ocrx_word' id='word_1_379' title='bbox 1223 1798 1230 1811; x_wconf 88' lang='lat'>,</span> 
     </span>
     <span class='ocr_line' id='line_1_72' title="bbox 661 1812 1230 1855; baseline 0.009 -11"><span class='ocrx_word' id='word_1_380' title='bbox 661 1815 754 1845; x_wconf 88' lang='lat' dir='ltr'>turba</span> <span class='ocrx_word' id='word_1_381' title='bbox 768 1816 864 1846; x_wconf 86' lang='lat' dir='ltr'>instet</span> <span class='ocrx_word' id='word_1_382' title='bbox 875 1839 883 1854; x_wconf 89' lang='lat'><strong><em>‚</em></strong></span> <span class='ocrx_word' id='word_1_383' title='bbox 898 1812 956 1848; x_wconf 60' lang='lat' dir='ltr'>u&#39;ec</span> <span class='ocrx_word' id='word_1_384' title='bbox 967 1841 975 1855; x_wconf 85' lang='lat'>‚</span> <span class='ocrx_word' id='word_1_385' title='bbox 989 1825 1027 1848; x_wconf 91' lang='lat' dir='ltr'>ut</span> <span class='ocrx_word' id='word_1_386' title='bbox 1039 1819 1147 1848; x_wconf 90' lang='lat' dir='ltr'>multis</span> <span class='ocrx_word' id='word_1_387' title='bbox 1157 1831 1230 1850; x_wconf 87' lang='lat' dir='ltr'>eum</span> 
     </span>
     <span class='ocr_line' id='line_1_73' title="bbox 660 1864 1228 1902; baseline 0.011 -12"><span class='ocrx_word' id='word_1_388' title='bbox 660 1868 770 1892; x_wconf 83' lang='lat' dir='ltr'>exoret</span> <span class='ocrx_word' id='word_1_389' title='bbox 783 1885 792 1899; x_wconf 86' lang='lat'>‚</span> <span class='ocrx_word' id='word_1_390' title='bbox 825 1864 962 1902; x_wconf 86' lang='lat' dir='ltr'>patiatur</span> <span class='ocrx_word' id='word_1_391' title='bbox 979 1873 987 1893; x_wconf 77' lang='lat' dir='ltr'><em>z</em></span> <span class='ocrx_word' id='word_1_392' title='bbox 1004 1864 1084 1894; x_wconf 82' lang='lat' dir='ltr'>vidit</span> <span class='ocrx_word' id='word_1_393' title='bbox 1119 1865 1228 1897; x_wconf 83' lang='lat' dir='ltr'>Cerda.</span> 
     </span>
     <span class='ocr_line' id='line_1_74' title="bbox 659 1909 1230 1953; baseline 0.007 -16"><span class='ocrx_word' id='word_1_394' title='bbox 659 1909 756 1937; x_wconf 81' lang='lat' dir='ltr'>Nunc</span> <span class='ocrx_word' id='word_1_395' title='bbox 774 1916 883 1938; x_wconf 84' lang='lat' dir='ltr'>nostra</span> <span class='ocrx_word' id='word_1_396' title='bbox 898 1920 1025 1939; x_wconf 80' lang='lat' dir='ltr'>serenus</span> <span class='ocrx_word' id='word_1_397' title='bbox 1045 1911 1125 1939; x_wconf 83' lang='lat' dir='ltr'>Orsa</span> <span class='ocrx_word' id='word_1_398' title='bbox 1138 1911 1230 1953; x_wconf 83' lang='lat' dir='ltr'>juves</span> 
     </span>
     <span class='ocr_line' id='line_1_75' title="bbox 660 1954 1228 1995; baseline 0.011 -13"><span class='ocrx_word' id='word_1_399' title='bbox 660 1954 764 1983; x_wconf 88' lang='lat' dir='ltr'>Valer.</span> <span class='ocrx_word' id='word_1_400' title='bbox 776 1954 821 1984; x_wconf 86' lang='lat' dir='ltr'>Fl.</span> <span class='ocrx_word' id='word_1_401' title='bbox 834 1956 863 1992; x_wconf 89' lang='grc' dir='ltr'>Ι,</span> <span class='ocrx_word' id='word_1_402' title='bbox 874 1966 923 1995; x_wconf 87' lang='lat' dir='ltr'>pr.</span> <span class='ocrx_word' id='word_1_403' title='bbox 939 1955 977 1985; x_wconf 86' lang='lat' dir='ltr'>ad</span> <span class='ocrx_word' id='word_1_404' title='bbox 988 1956 1141 1986; x_wconf 75' lang='lat' dir='ltr'>Caesarem</span> <span class='ocrx_word' id='word_1_405' title='bbox 1150 1960 1228 1988; x_wconf 81' lang='lat' dir='ltr'>Ves-</span> 
     </span>
     <span class='ocr_line' id='line_1_76' title="bbox 659 2000 1227 2044; baseline 0.012 -17"><span class='ocrx_word' id='word_1_406' title='bbox 659 2000 832 2039; x_wconf 85' lang='lat' dir='ltr'>pasianum.</span> <span class='ocrx_word' id='word_1_407' title='bbox 854 2001 960 2042; x_wconf 85' lang='lat' dir='ltr'>Vulgo</span> <span class='ocrx_word' id='word_1_408' title='bbox 984 2003 1026 2031; x_wconf 91' lang='lat' dir='ltr'>ita</span> <span class='ocrx_word' id='word_1_409' title='bbox 1051 2003 1227 2044; x_wconf 86' lang='lat' dir='ltr'>accipitur,</span> 
     </span>
     <span class='ocr_line' id='line_1_77' title="bbox 660 2048 1229 2089; baseline 0.012 -16"><span class='ocrx_word' id='word_1_410' title='bbox 660 2052 697 2074; x_wconf 90' lang='lat' dir='ltr'>ut</span> <span class='ocrx_word' id='word_1_411' title='bbox 709 2052 802 2085; x_wconf 87' lang='lat' dir='ltr'>poeta</span> <span class='ocrx_word' id='word_1_412' title='bbox 824 2057 855 2076; x_wconf 87' lang='lat' dir='ltr'>se</span> <span class='ocrx_word' id='word_1_413' title='bbox 872 2048 979 2087; x_wconf 87' lang='lat' dir='ltr'>ipsum</span> <span class='ocrx_word' id='word_1_414' title='bbox 1000 2048 1179 2089; x_wconf 84' lang='lat' dir='ltr'>alloquatur</span> <span class='ocrx_word' id='word_1_415' title='bbox 1197 2057 1229 2081; x_wconf 74' lang='lat' dir='ltr'>et</span> 
     </span>
     <span class='ocr_line' id='line_1_78' title="bbox 661 2092 1228 2136; baseline 0.011 -16"><span class='ocrx_word' id='word_1_416' title='bbox 661 2092 787 2121; x_wconf 83' lang='lat' dir='ltr'>excitet.</span> <span class='ocrx_word' id='word_1_417' title='bbox 806 2094 927 2134; x_wconf 87' lang='lat' dir='ltr'>Accipe</span> <span class='ocrx_word' id='word_1_418' title='bbox 944 2094 1052 2124; x_wconf 87' lang='lat' dir='ltr'>saltem</span> <span class='ocrx_word' id='word_1_419' title='bbox 1070 2095 1154 2125; x_wconf 90' lang='lat' dir='ltr'>dicta</span> <span class='ocrx_word' id='word_1_420' title='bbox 1168 2107 1228 2136; x_wconf 86' lang='lat' dir='ltr'>pro</span> 
     </span>
     <span class='ocr_line' id='line_1_79' title="bbox 660 2137 1227 2181; baseline 0.009 -14"><span class='ocrx_word' id='word_1_421' title='bbox 660 2137 804 2178; x_wconf 81' lang='lat' dir='ltr'>vulgari:</span> <span class='ocrx_word' id='word_1_422' title='bbox 822 2141 944 2170; x_wconf 87' lang='lat' dir='ltr'>Verum</span> <span class='ocrx_word' id='word_1_423' title='bbox 973 2140 1012 2170; x_wconf 85' lang='lat' dir='ltr'>ad</span> <span class='ocrx_word' id='word_1_424' title='bbox 1033 2142 1134 2181; x_wconf 84' lang='lat' dir='ltr'>ipsam</span> <span class='ocrx_word' id='word_1_425' title='bbox 1161 2153 1227 2173; x_wconf 87' lang='lat' dir='ltr'>rem</span> 
     </span>
     <span class='ocr_line' id='line_1_80' title="bbox 661 2183 1228 2224; baseline 0.012 -12"><span class='ocrx_word' id='word_1_426' title='bbox 661 2183 874 2215; x_wconf 84' lang='lat' dir='ltr'>accedendum</span> <span class='ocrx_word' id='word_1_427' title='bbox 883 2193 929 2216; x_wconf 85' lang='lat' dir='ltr'>est</span> <span class='ocrx_word' id='word_1_428' title='bbox 937 2187 1004 2222; x_wconf 78' lang='lat' dir='ltr'>sine</span> <span class='ocrx_word' id='word_1_429' title='bbox 1014 2198 1110 2219; x_wconf 86' lang='lat' dir='ltr'>mora.</span> <span class='ocrx_word' id='word_1_430' title='bbox 1119 2205 1165 2211; x_wconf 86' lang='lat'>·——</span> <span class='ocrx_word' id='word_1_431' title='bbox 1174 2190 1213 2224; x_wconf 74' lang='lat'>43</span> <span class='ocrx_word' id='word_1_432' title='bbox 1222 2211 1228 2219; x_wconf 74' lang='lat'><em>,</em></span> 
     </span>
    </p>
   </div>
  </div>
 </body>
</html>
