1408 2428
552 55 721 85 ECLOGA
747 55 786 84 X.
1202 67 1212 85 1
1222 67 1238 86 2
1250 69 1259 86 1

78 120 190 149 tatem,
207 124 273 143 non
289 113 384 144 modo
402 114 439 143 ad
454 115 551 144 vitam
569 115 779 154 pastoritiam,
795 112 850 143 sed
870 113 908 143 ad
927 120 1067 154 tempora
1078 113 1203 145 heroica
1213 137 1221 150 ,
1236 127 1269 145 ιι]

78 166 197 206 quibus
222 168 366 207 permisti
389 167 576 197 mortalibus
601 167 645 197 dii
665 169 825 204 viverent,
847 167 941 196 relata
962 173 993 197 et
1017 178 1058 197 ex
1078 168 1222 198 sensibus
1244 178 1273 199 et

83 220 291 259 opinionibus
311 223 445 252 istorum
459 222 651 252 saeculorum
669 222 852 251 adumbrata
866 229 956 259 sunt3
975 232 1070 262 quare
1085 224 1177 252 etiam
1192 223 1272 253 ferre

83 272 253 312 debemus,
271 276 297 305 si
321 286 391 316 quae
405 277 514 317 paullo
536 277 645 306 altiore
661 287 695 305 ac
711 277 852 317 graviore
875 276 989 316 spiritu
1011 275 1064 305 hic
1081 276 1163 306 dicta
1183 287 1271 317 repe-

84 329 220 366 riamus;
236 329 349 360 deinde
364 342 440 361 vero
460 333 611 372 quoniam
627 332 809 372 impotentis
827 338 857 361 et
875 332 972 371 spreti
989 332 1102 361 amoris
1118 339 1210 361 aestus
1225 332 1276 361 ille

84 392 120 411 ac
139 383 245 422 furor,
261 386 296 414 in
314 396 423 415 omnes
438 393 541 426 partes
557 387 698 416 animum
714 386 851 426 rapiens,
870 387 975 425 ipsum
990 386 1120 426 legentis
1136 387 1274 415 animum

87 447 289 468 commovere
305 439 449 477 videtur3
470 450 661 480 quamquam
678 439 737 469 hac
750 441 785 469 in
799 446 885 480 parte
900 438 1061 469 Theocriti
1074 440 1210 480 vestigiis
1228 441 1276 468 in-

88 491 167 520 stitit
176 514 184 529 ,
199 492 293 534 Idyll.
311 495 336 532 I,
348 494 432 524 unde
441 517 449 532 ,
465 505 535 534 quae
545 495 583 524 de
593 494 759 536 Daphnide
772 495 854 523 dicta
867 500 973 531 erant,
986 494 1020 523 in
1034 494 1161 523 Gallum
1178 501 1276 523 trans-

89 545 177 583 tulit,
195 554 231 576 ut
248 549 347 578 multa
362 556 485 578 tantum
502 549 608 579 latinis
624 548 729 579 verbis
747 548 931 585 reddiderit,
950 549 985 577 in
999 547 1065 577 aliis
1082 555 1187 578 autem
1205 557 1277 576 cum

89 609 127 628 eo
152 604 333 639 certaverit3
362 604 509 633 universe
530 614 606 634 vero
621 614 649 646 ⁵a
670 603 868 644 simplicitate
890 609 921 632 et
943 609 1106 632 venustate
1127 602 1281 642 pastoritii

87 657 233 684 carminis
249 663 279 685 et
294 656 480 686 Theocritea
493 659 645 687 suavitate
662 658 695 687 in
710 658 868 698 plerisque
885 658 1055 686 recesserit.

135 711 205 739 Jam
222 709 259 738 de
277 709 428 748 Lycoride
445 710 564 740 addunt
578 712 775 751 interpreteS,
792 711 900 741 Servio
915 709 995 738 duce
1010 719 1017 739 :
1036 709 1130 738 fuisse
1146 710 1213 747 ejus
1227 720 1278 738 ve-

90 773 161 792 rum
178 774 295 793 nomen
322 763 537 802 Cytheridem,
558 772 588 794 et
610 776 673 793 esse
696 776 762 794 eam
781 763 921 793 eamdem
939 773 1013 791 cum
1028 764 1162 792 Antonii
1181 764 1278 791 amica

88 817 156 852 illa,
173 818 283 853 mima,
301 828 340 846 ex
360 817 520 846 Ciceronis
536 817 672 857 Philipp.
692 819 738 853 II,
757 823 815 854 24,
834 817 893 852 25,
914 815 952 844 ad
968 817 1035 844 Att.
1051 818 1099 852 X,
1118 826 1157 844 10
1174 822 1205 844 et
1222 816 1277 848 16.

89 870 126 899 ad
140 872 212 900 Div.
223 872 267 900 IX
277 893 285 908 ,
299 882 352 908 27.
364 871 402 901 cf.
415 870 653 900 Plutarch.Vita
667 872 802 901 Antonii
814 881 845 911 p.
863 876 903 908 74
918 869 966 899 ed.
978 870 1081 899 Brian.
1093 869 1173 899 Plin.
1185 871 1275 906 VIII,

95 924 147 960 16,
165 924 289 961 infami,
305 924 395 962 cujus
409 934 528 954 nomen
542 934 655 953 verum
671 924 731 953 fuit
747 923 935 961 Volumnia,
952 924 1103 963 quoniam
1116 923 1281 953 Volumnii

93 977 253 1017 Eutrapeli
265 977 378 1007 liberta
393 984 482 1008 esset.
497 977 593 1018 Quod
607 989 681 1007 cum
694 977 768 1007 ferri
780 979 879 1018 possit
890 1001 898 1014 ,
916 977 996 1006 illud
1010 977 1143 1006 alterum
1153 999 1160 1013 ‚
1178 977 1264 1016 quod
1273 1000 1280 1013 ,

89 1031 127 1060 de
153 1038 331 1072 temporum
350 1033 471 1062 ratione
492 1034 610 1069 securi,
631 1032 831 1062 contendunt
848 1043 889 1061 ex
906 1033 1015 1062 Servio
1033 1031 1071 1060 ad
1094 1042 1125 1060 v.
1156 1041 1168 1060 1
1183 1054 1191 1068 ,
1213 1042 1279 1060 eam

89 1092 254 1124 propterea
280 1086 410 1115 Gallum
432 1085 624 1124 destituisse,
650 1086 737 1126 quod
755 1087 935 1115 Antonium
954 1085 992 1115 ad
1015 1085 1131 1114 Gallias
1154 1092 1280 1114 euntem

89 1145 221 1178 sequuta
244 1146 337 1175 esset,
354 1150 419 1179 quo
440 1151 471 1170 v.
499 1151 539 1169 22
565 1151 631 1180 sqq.
654 1140 695 1176 46
712 1151 778 1180 sqq.
804 1140 960 1176 referunt,
983 1138 1079 1168 fidem
1095 1149 1161 1167 non
1175 1138 1279 1168 habet.

89 1193 170 1223 Nam
188 1193 328 1232 primum
344 1194 505 1223 Antonius
524 1193 727 1234 Cytheridem
742 1195 805 1231 jam
824 1200 894 1222 ante
916 1193 979 1231 709
998 1191 1171 1228 dimisera13
1191 1191 1281 1221 adeo-

87 1258 149 1288 que
167 1254 238 1276 ante
252 1247 286 1276 id
301 1255 441 1287 tempus,
459 1259 523 1287 quo
538 1247 605 1277 haec
625 1255 697 1288 post
710 1248 844 1287 reliquas
859 1257 967 1276 omnes
981 1247 1097 1286 Ecloga
1108 1245 1205 1274 scribi
1223 1256 1279 1285 po-

87 1303 167 1339 tuit3
183 1312 217 1331 ea
232 1302 317 1331 enim
339 1301 377 1331 de
396 1313 430 1331 re
450 1303 512 1340 jam
533 1303 695 1333 Ciceronis
718 1301 854 1341 Philipp.
871 1302 921 1337 ΙΙ,
940 1301 1000 1336 28,
1017 1300 1036 1340 §
1057 1300 1100 1338 69
1115 1300 1205 1329 locus
1224 1307 1279 1329 est.

87 1356 216 1385 Decima
236 1362 340 1384 autem
359 1356 426 1385 haec
442 1356 557 1396 Ecloga
571 1363 641 1385 ante
660 1366 722 1393 717
744 1357 800 1383 vix
818 1355 933 1394 scripta
951 1360 1011 1391 est,
1031 1361 1068 1382 ut
1088 1352 1196 1393 paullo
1208 1360 1281 1392 post

89 1409 278 1439 videbimus.
302 1410 425 1439 Deinde
443 1420 519 1439 vero
544 1410 580 1438 iis
598 1410 703 1447 annis,
727 1409 844 1449 quibus
864 1408 932 1437 haec
946 1408 1061 1449 Ecloga
1082 1409 1198 1448 scripta
1216 1418 1280 1437 esse

86 1471 205 1504 potest,
225 1465 386 1493 Antonius
404 1464 438 1492 in
451 1465 600 1502 Oriente,
615 1475 681 1494 non
696 1465 729 1492 in
750 1463 865 1499 Gallia,
884 1463 954 1493 fujt.
974 1464 1053 1502 Quae
1069 1463 1175 1491 omnia
1188 1461 1280 1492 docte
1320 1485 1323 1489 ,

87 1518 316 1547 demonstravit
328 1518 458 1546 Martin.
475 1517 512 1546 ad
526 1528 557 1547 v.
572 1527 625 1547 22.
641 1519 751 1557 Neque
767 1517 841 1546 ferri
853 1523 958 1557 potest
972 1515 1097 1546 doctiss.
1113 1516 1281 1556 Morgagni

90 1574 230 1614 (Opusc.
246 1571 376 1601 miscell.
391 1579 412 1600 t.
432 1573 496 1609 III,
516 1572 605 1612 epist.
622 1572 727 1601 AEmfl.
749 1570 820 1612 pr.)
837 1572 1006 1608 sententia,
1024 1571 1098 1610 qui,
1115 1581 1189 1600 cum
1210 1572 1279 1600 Ser-

87 1627 178 1656 vium
201 1625 458 1665 amplecteretur,
482 1633 513 1654 et
535 1626 670 1655 Antonii
696 1626 729 1654 in
756 1625 871 1655 Gallias
891 1624 1122 1665 profectionem
1145 1625 1279 1664 aliquam

89 1680 362 1719 circumspiceret,
387 1667 473 1708 illam
496 1680 644 1719 arripuit,
669 1689 769 1719 quum
785 1685 977 1719 quaesturam
995 1680 1105 1708 Romae
1126 1679 1282 1717 petiisset,

88 1741 119 1763 et
141 1732 215 1762 inde
240 1732 278 1762 ad
302 1733 471 1769 Caesarem,
490 1734 546 1773 qui
564 1739 632 1762 tum
656 1734 689 1762 in
715 1733 824 1762 Galliis
844 1732 965 1762 bellum
986 1731 1128 1773 gerebat,
1149 1731 1281 1768 redire13

86 1798 220 1829 quaekres
244 1786 282 1816 ad
298 1798 418 1816 annum
435 1798 497 1825 702
509 1810 517 1823 ,
539 1788 690 1828 Pompeio
707 1798 770 1818 cos.
790 1789 856 1817 sine
877 1787 994 1827 collega
1010 1786 1170 1816 referenda
1185 1793 1279 1823 esset,

87 1842 176 1883 quod
190 1840 260 1871 fieri
275 1852 343 1871 non
357 1848 472 1882 potest,
481 1843 507 1871 si
520 1842 634 1883 Ecloga
647 1842 714 1872 haec
729 1842 844 1872 ultimo
857 1842 930 1871 loco
945 1842 1060 1881 scripta
1075 1847 1135 1877 est,
1151 1846 1190 1869 ut
1210 1851 1280 1870 ver-

90 1907 142 1926 sus
157 1896 279 1935 primus
294 1894 439 1925 declarat.
455 1896 666 1932 Fontaninus,
683 1897 732 1925 vir
744 1896 838 1936 longe
850 1895 1065 1930 doctissimus,
1078 1895 1114 1923 in
1127 1895 1208 1924 Hist.
1219 1894 1279 1923 litt.

89 1950 228 1990 Aquilei.
247 1960 280 1988 p.
307 1949 348 1978 28
372 1948 410 1978 de
432 1949 504 1989 fuga
528 1950 663 1978 Antonii
684 1949 847 1990 intelligit,
873 1959 946 1978 cum
970 1947 1009 1977 ad
1031 1949 1190 1977 Mutinam
1215 1959 1277 1986 711

89 2004 204 2039 victus,
217 2003 252 2031 in
269 2002 402 2031 Galliam
416 2002 599 2032 ulteriorem
612 2012 644 2031 se
660 2004 828 2042 reciperet,
843 2009 874 2031 et
888 2003 934 2032 M.
950 2001 1111 2032 AEmilium
1125 2001 1279 2041 Lepidum

88 2056 149 2086 sibi
169 2057 325 2097 jungeret.
342 2055 402 2085 Sed
425 2062 461 2084 ut
483 2055 541 2084 alia
557 2065 597 2084 ne
622 2066 810 2094 memorem,
833 2066 936 2096 neque
959 2062 1028 2085 tum
1043 2054 1216 2095 quidquam
1240 2056 1279 2085 ad

88 2110 236 2140 Rhenum
253 2116 392 2149 gestum,
414 2119 510 2148 quem
529 2117 682 2139 memorat
702 2116 795 2150 poeta
815 2120 845 2139 v,
869 2109 922 2144 45.
944 2110 1114 2139 Enimvero
1132 2119 1199 2139 non
1217 2110 1277 2138 nisi

46 2198 55 2205 ·
87 2173 170 2193 anno
196 2174 211 2200 7
222 2173 257 2199 17
284 2163 323 2192 U.
341 2162 376 2191 C.
393 2163 523 2192 ineunte
534 2185 542 2198 ,
560 2163 606 2192 M.
631 2163 788 2203 Agrippa,
804 2164 837 2192 L.
864 2162 996 2193 Caninio
1013 2162 1104 2192 Gallo
1130 2173 1221 2200 coss„
1238 2161 1276 2191 ab

211 2217 239 2250 1.
1103 2230 1143 2251 11
