1408 2428
608 69 731 98 LIBER
757 70 782 98 Ι.

1229 77 1290 96 21·-

100 127 169 169 Ut,
186 137 300 174 quum
320 124 533 161 carceribus
550 138 629 161 sese
646 126 832 170 effudere,
849 125 1040 174 quadrigae

100 185 253 222 Addunt
269 186 307 221 in
323 185 458 234 spatia,
476 194 530 230 et,
550 186 690 222 frustra
706 186 911 222 retinacula
926 185 1080 222 tendens
1091 213 1100 230 ,

148 335 222 363 513.
248 335 287 362 In
307 334 412 373 spacia
431 336 602 363 Burmann.
619 346 666 364 re-

99 381 240 416 vocavit,
264 390 364 419 quum
380 379 412 409 in
431 379 533 419 spatio
558 382 664 410 Heius.

97 425 294 464 praetulisset.
315 426 451 455 Addunt
464 437 495 455 se
512 425 544 454 in
561 427 667 466 spacia

98 472 207 511 Egnat.
229 472 380 501 Commel.
406 472 552 512 Stephan.
579 480 667 501 etex

94 516 142 545 his
167 517 300 557 vulgatce
318 527 324 547 :
345 525 375 546 at
399 519 490 547 multi
516 517 606 547 codd.
633 529 665 547 se

95 563 262 600 omittunt3
294 563 368 593 dant
396 564 462 600 alji;
493 571 665 604 utrumque

94 607 175 637 bene
191 608 229 637 ad
244 611 403 649 syntaxim
420 620 428 639 ε
452 611 574 650 poetice
589 621 664 640 vero

94 653 195 683 libens
206 656 363 692 omittam,
381 656 461 690 duce
477 656 585 686 eodeni
599 658 666 685 Ma·-

96 710 172 729 rone
184 723 191 737 ‚
219 702 274 740 qui
296 703 409 743 Georg.
428 704 491 738 ΙΙΙ,
517 703 582 731 365
598 712 605 731 :
622 704 666 731 Ec

98 753 172 775 totoe
190 746 326 777 solidam
342 748 375 777 ιἰι
389 748 527 788 glaciem
544 755 665 777 vertere

94 791 231 821 lacuum.
248 811 294 815 -
311 796 340 823 A
355 794 447 823 Circo
461 801 562 823 sumta
580 804 664 823 com-

96 839 216 876 paratio
227 840 447 869 tumultuantis
458 840 559 876 orbis;
570 841 665 869 semel

96 885 200 913 emissi
218 895 330 914 currus
347 896 420 914 cum
440 892 526 915 tanto
543 887 664 926 impetu

97 937 210 966 ruunt,
235 938 271 960 ut
289 931 328 959 ab
343 933 448 972 auriga
464 933 592 961 retineri
608 943 662 961 ne-

96 982 222 1014 queant.
259 977 371 1016 Spatia
398 977 450 1006 hic
478 977 516 1008 de
545 985 662 1018 septem

93 1023 199 1060 spatiis
215 1032 270 1051 seu
289 1024 374 1063 gyris
392 1025 568 1063 accipiunt,
592 1025 662 1063 qui-

93 1067 151 1096 bus
174 1069 208 1097 in
232 1068 324 1098 Circo
351 1079 461 1098 cursus
479 1069 659 1100 finiebatur.

94 1114 158 1142 Nec
178 1120 282 1143 tamen
304 1115 366 1144 hoc
388 1126 524 1146 necesse.
548 1115 661 1155 Spatia

92 1169 150 1198 pro
166 1161 266 1199 spatio
281 1160 313 1190 h.
331 1162 399 1200 ipso
415 1161 504 1198 loco,
524 1173 588 1202 quo
610 1161 663 1191 de-

93 1206 248 1242 curritur,
285 1213 315 1236 et
341 1206 379 1236 de
408 1207 545 1236 decursu
574 1218 662 1247 reque

93 1250 172 1280 bene
201 1251 369 1289 dicuntur,
397 1260 433 1282 ut
458 1254 514 1283 Ge.
535 1255 582 1291 ΙΙ,
608 1264 662 1293 pe-

92 1297 173 1326 nult.
206 1299 273 1335 111,
299 1300 383 1335 2033
413 1301 481 1329 AEu.
511 1301 552 1335 V,
585 1300 660 1329 316.

92 1342 227 1373 Addunt
237 1344 397 1385 quadrigae
411 1344 443 1373 in
459 1344 564 1384 spatia
581 1356 591 1374 .·
606 1345 663 1374 dif-

95 1386 269 1418 ficultatem
283 1390 419 1426 habent,
437 1401 530 1430 quam
547 1391 603 1419 vix
620 1392 663 1420 ita

94 1434 164 1463 tolli
182 1445 272 1474 posse
289 1446 417 1472 censeo,
444 1443 480 1464 ut
497 1446 605 1465 omnes
629 1437 663 1465 in

92 1479 235 1509 solvendi·
254 1481 385 1510 modurn
407 1483 631 1511 conveniamus
654 1491 661 1511 :

95 1525 304 1556 nullus'euim
319 1534 383 1563 est,
400 1528 433 1556 in
449 1537 513 1566 quo
529 1538 595 1556 non
609 1528 663 1556 ali-

95 1571 174 1610 quid
198 1573 370 1612 asperitatis
399 1573 596 1612 relinquatur
608 1586 612 1588 >
623 1573 662 1602 ab

93 1617 242 1648 insolenti
260 1629 321 1648 usu
334 1620 386 1648 τοῦ
402 1619 530 1648 addere.
547 1618 662 1648 Subin-

94 1663 245 1704 telligitur
263 1675 280 1694 a
299 1664 486 1694 doctissimis
508 1666 663 1705 interpre-

95 1708 178 1738 tibus
200 1710 275 1739 inde
295 1721 311 1740 a
335 1711 443 1741 Servio
470 1721 608 1746 cursum,
629 1711 662 1740 h.

94 1754 283 1793 intendunt,
307 1758 342 1786 in
364 1757 438 1796 ipsis
463 1757 570 1796 spatiis
593 1767 664 1785 cur-

95 1801 185 1831 rendi
206 1809 337 1832 sumunt
360 1804 456 1839 vires;
476 1803 510 1831 in
529 1812 592 1841 quo
618 1809 663 1831 ta-

96 1857 168 1876 men
183 1848 316 1886 durum,
336 1849 439 1878 omitti
456 1859 587 1878 cursum.
599 1848 664 1877 Ad-

95 1892 169 1922 dere
194 1893 300 1933 spatia
325 1894 436 1934 spatiis
463 1901 542 1923 esset
571 1894 666 1923 alium

97 1945 170 1977 post
204 1939 300 1968 alium
324 1940 505 1969 decursum
539 1939 640 1968 facere
656 1962 665 1977 ,

96 1984 183 2013 aliud
197 1991 269 2025 post
282 1984 368 2014 aliud
377 1986 513 2025 spatium
524 1995 665 2022 currere;

96 2036 128 2059 at
152 2029 185 2060 h.
209 2031 232 2059 l.
262 2041 328 2060 non
351 2031 429 2067 hoc,
455 2030 511 2059 sed
537 2030 668 2070 impetus

99 2077 295 2105 currentium
325 2083 355 2105 et
382 2076 486 2106 fervor
514 2084 622 2105 auctus
650 2087 667 2106 a

98 2129 191 2161 poeta
212 2122 394 2162 respicitur,
415 2123 472 2162 qui
488 2123 586 2160 major
604 2133 667 2152 ma-

96 2170 211 2208 j0rque
227 2175 258 2198 et
272 2169 428 2198 maximus
443 2179 507 2198 esse
522 2168 600 2198 solet
608 2168 667 2198 sub

225 2235 257 2268 Ι,

722 334 872 363 decursus
886 332 993 363 finem.
1016 336 1055 362 In
1071 333 1192 373 spatia,
1210 335 1242 365 h.
1257 336 1291 365 in

721 380 906 416 decursum,
931 381 993 417 jam
1013 380 1117 420 aliqua
1142 391 1180 409 ex
1202 389 1291 421 parte

720 425 838 455 factum
849 448 856 462 ‚
871 425 965 454 debet
979 426 1059 454 addi
1070 436 1136 454 non
1152 427 1239 456 aliud
1255 438 1290 456 nc

720 482 841 501 novum
856 473 990 511 spatium
1002 495 1010 508 ‚
1026 471 1080 500 sed
1096 471 1180 501 ahud
1194 473 1271 512 quid
1281 496 1289 511 ‚

720 517 806 556 quod
822 517 924 546 adhuc
940 518 1120 557 quaerimus.
1142 520 1267 548 Servius
1279 543 1287 557 ,

719 563 751 591 in
767 574 914 603 processu
934 575 1084 603 equorum
1105 574 1214 594 cursus
1230 576 1287 594 au-

715 617 816 649 getur.
840 611 1034 649 Pomponius
1049 619 1056 639 ε
1076 624 1091 634 «
1107 609 1241 640 Addunt
1255 612 1289 641 in

718 656 830 694 spatia,
849 655 881 684 id
894 662 954 691 est,
972 657 1005 684 in
1020 658 1088 696 ipso
1104 657 1204 696 spatio
1220 667 1288 686 cur-

718 700 808 730 rendi
837 709 965 730 sumunt
989 702 1084 731 vires.
1117 717 1132 727 n
1160 702 1289 732 Addere

719 758 782 776 esse
798 758 887 787 posse
901 758 1028 788 augere,
1044 755 1127 776 recte
1139 750 1289 788 ponitur;

718 793 771 821 sed
783 795 935 832 quaeritur
945 805 992 823 res
1002 816 1009 830 ,
1024 804 1118 833 quam
1129 794 1288 835 quadrigae

718 838 852 875 addunt,
871 846 994 879 augent.
1015 840 1219 879 Accipiebam
1234 842 1290 869 ad-

717 885 791 914 dere
806 896 865 924 pro
882 885 994 914 addere
1010 896 1058 922 se3
1077 886 1108 915 h.
1130 887 1289 916 concitare

717 942 748 959 se
758 954 766 968 ,
792 932 950 961 concitato
974 942 1069 960 cursu
1088 931 1171 962 ferri.
1203 934 1290 962 Dare

717 987 749 1005 se
775 976 806 1005 irz
825 976 948 1018 fitgam
974 978 1066 1006 etiam
1094 979 1127 1006 in
1153 978 1289 1018 pedestri

717 1024 859 1052 oratione
894 1023 1145 1063 frequentamus;
1176 1025 1287 1054 similia

717 1068 779 1098 vid.
805 1070 920 1110 Georg.
938 1071 994 1105 IV,
1014 1070 1076 1099 528
1091 1080 1098 1101 z
1116 1072 1186 1099 AEu.
1204 1072 1287 1103 XII,

718 1114 736 1143 6
744 1116 759 1143 3
767 1116 794 1144 3.
813 1115 941 1144 Addere
950 1126 982 1144 se
993 1126 1050 1156 pro
1061 1115 1198 1155 simplici
1214 1117 1288 1146 dare

715 1170 763 1196 se,
790 1161 957 1190 immittere
987 1172 1034 1198 se,
1061 1172 1152 1191 ruere
1177 1162 1210 1191 in
1234 1163 1287 1192 de-

717 1216 843 1235 cursum
853 1230 860 1243 ‚
898 1218 970 1236 cum
999 1209 1120 1246 impetu
1149 1207 1222 1236 ferri
1255 1208 1287 1237 ιἰι

716 1252 835 1291 spatia,
858 1253 891 1281 in
909 1253 1076 1282 decursum
1087 1276 1095 1289 ,
1113 1253 1201 1283 nullo
1218 1265 1286 1294 sep-

716 1304 779 1326 tem
793 1299 965 1338 spatiorum
977 1305 1120 1338 respectu
1130 1321 1137 1334 ‚
1156 1299 1209 1328 sed
1223 1311 1288 1329 om-

717 1345 794 1373 nino
814 1345 846 1373 in
868 1344 1036 1374 decursum
1060 1343 1155 1373 habet
1182 1346 1287 1375 analo-

717 1390 807 1429 giam.
834 1391 958 1420 Scilicet
979 1390 1098 1419 addere
1119 1400 1152 1419 se
1166 1392 1286 1432 vulgari

717 1445 775 1464 usu
796 1443 865 1473 est,
879 1436 1046 1477 adjungere
1060 1447 1106 1473 se,
1128 1437 1284 1468 accedere.

716 1482 760 1510 L't
773 1482 839 1511 Ecl.
856 1484 913 1519 VI,
929 1483 1033 1512 Addit
1045 1493 1077 1511 se
1092 1483 1228 1520 sociam,
1249 1484 1285 1513 ti-

718 1526 871 1567 midisque
892 1528 1069 1568 supervenit
1087 1529 1194 1569 AEgle.
1214 1532 1284 1560 AEn.

717 1573 775 1608 IX,
788 1584 800 1602 1
809 1579 850 1612 49
867 1574 1002 1603 Addunt
1014 1585 1046 1603 se
1055 1574 1203 1614 protinus
1219 1586 1285 1605 om-

716 1628 773 1646 nes
786 1620 913 1649 Etrusci
925 1620 1034 1650 socios.
1052 1620 1146 1657 Inde,
1164 1622 1189 1650 si
1202 1621 1286 1650 idem

717 1662 754 1692 fit
767 1674 838 1693 cum
848 1666 969 1706 impetu
980 1689 987 1703 ‚
1002 1667 1137 1703 irruere,
1153 1666 1284 1703 instare,

719 1708 839 1749 ἐπέχειν
854 1718 890 1740 ut
903 1712 963 1741 Od.
975 1723 1004 1749 τ,
1018 1723 1032 1750 7
1043 1722 1070 1742 1.
1086 1712 1215 1742 Addere
1228 1723 1286 1753 pro

718 1757 855 1793 mittere,
872 1758 1056 1795 immittere,
1076 1759 1205 1796 injicere
1224 1759 1288 1788 dic-

718 1808 785 1831 tum
801 1813 881 1839 esse,
899 1804 990 1833 etiam
1006 1804 1038 1834 b.
1056 1804 1197 1834 Gesnero
1215 1815 1289 1844 pro-

720 1847 788 1877 bari
803 1848 895 1878 video
912 1849 950 1878 ad
968 1850 1123 1890 Quinctil.
1142 1851 1238 1887 VIII,
1258 1852 1288 1886 3,

724 1894 763 1931 78
782 1902 812 1923 et
833 1893 1014 1924 confirmari
1030 1906 1045 1924 a
1061 1897 1233 1930 Burmann.
1250 1896 1290 1925 ad

721 1950 747 1971 e.
762 1940 798 1976 1.,
814 1951 1005 1981 quamquam
1017 1951 1116 1982 graeca
1128 1941 1292 1971 ibi'minus

720 1985 801 2014 bene
826 1986 947 2016 laudari
967 1994 1056 2027 puto.
1083 1987 1208 2017 Teucris
1231 1988 1291 2017 ad-

720 2031 789 2060 dita
817 2034 902 2061 Juno
932 2044 991 2072 pro
1021 2033 1146 2071 infesta,
1173 2035 1207 2063 in
1238 2045 1291 2064 eos

721 2078 877 2107 concitata
893 2085 924 2108 et
942 2086 1138 2120 exasperata,
1148 2082 1218 2110 AEn.
1228 2082 1290 2114 VI,

722 2133 776 2162 90,
791 2123 866 2153 hinc
882 2124 1032 2155 illustrari
1045 2132 1158 2166 potest.
1175 2127 1223 2155 Ita
1235 2126 1293 2155 acl-

722 2169 815 2206 dunt,
834 2171 960 2201 instant.
975 2173 1137 2212 Expressit
1148 2179 1292 2201 nostrum

1115 2249 1159 2283 Ῑ9
