1377 2428
0 0 3 33 ³

0 59 2 79 ι

522 73 644 103 LIBER
668 74 724 102 IV.
1159 78 1175 105 3

1206 78 1221 106 3

1182 87 1196 114 xl

0 140 3 170 ;
30 130 320 180 Pumicibusque
338 130 438 167 cavis
456 142 652 179 exesaeque
668 129 813 167 arboris
834 140 952 168 antr0.

0 180 3 229 ἶ
28 192 86 225 Tu
103 199 225 227 tamen
244 204 263 227 e
283 191 358 227 levi
375 191 513 226 rimosa
535 189 674 226 cubilia
691 189 787 234 limo,

0 246 2 300 ζ
29 252 64 286 'U
67 263 137 299 nge
155 250 285 287 fovens
306 251 468 295 circum,
488 259 524 286 et
541 263 644 287 raras
662 263 776 300 super
791 251 901 300 injice
918 252 1072 289 frondis.

0 305 2 360 ζ
26 313 112 346 Neu
130 311 286 360 propius
305 311 410 347 tectis
426 320 557 347 taxum
574 311 672 357 sine;
691 323 786 347 neve
806 310 976 348 rubentis

0 361 2 409 ἶ
28 372 107 405 Ure
125 370 209 406 foco
230 383 401 415 cancros;
420 370 503 406 altae
519 383 594 407 neu
606 370 723 417 ¹crede
740 370 887 419 paludi,

26 431 104 464 Aut
122 428 188 465 ubi
205 429 301 465 odor
318 430 414 466 coeni
431 430 573 479 gravis,
592 439 656 466 aut
673 429 741 466 ubi
758 443 923 466 concava
941 431 1052 480 pulsu

0 411 2 443 s

0 447 2 484 Ι

0 487 1 541 l
28 490 127 524 Saxa
145 499 295 534 sonant,
314 491 491 539 vocisque
510 491 653 527 offensa
673 491 830 527 resultat
852 491 986 540 imago.

1192 504 1222 526 50

81 548 194 592 Quod
211 557 398 599 superest,
415 548 481 585 ubi
496 550 642 599 pulsam
658 550 822 586 hiemem
840 550 895 587 sol
914 563 1050 588 aureus
1068 552 1144 601 egit

30 715 114 746 Gud.
138 724 210 744 cum
230 721 348 754 septem
374 716 458 751 aljis,
483 716 600 756 Regius

0 770 1 779 ¹
29 762 170 792 Martini.
182 762 211 790 F
209 761 302 790 odere
313 761 397 801 vulg.
409 768 480 790 ante
490 762 599 791 Heius.

29 827 73 831 —
90 814 143 843 44.
174 806 260 836 Ilicis
278 813 369 835 antro
390 807 439 836 ed.
456 809 537 837 Veu.
559 807 598 837 cf.

29 855 87 884 Ge.
106 855 137 883 II
150 876 158 889 ,
177 854 253 888 453.
275 853 405 882 Arboris
418 853 489 882 alvo
506 852 597 883 codd.

28 900 177 930 nonnulli
210 899 292 940 apud
326 900 462 929 Pieriam
481 921 488 935 ‚
519 899 600 928 liber

29 948 156 983 Ursini,
186 947 331 987 Menag.‚
358 956 416 985 pro
442 945 542 975 alveo.
566 956 596 975 v.

29 994 138 1022 Heius.
164 993 225 1023 Sed
244 991 386 1021 Mam—ob.
407 993 468 1022 Sat.
491 993 557 1027 VI,
579 1002 594 1028 7

29 1047 156 1068 autrum
179 1039 317 1080 agnoscit
336 1044 365 1067 et
384 1048 443 1077 pro
464 1047 596 1067 caverna

27 1085 199 1115 insolenter
226 1085 303 1124 poni
334 1090 430 1113 notat.
465 1100 511 1106 —-
542 1083 594 1118 45.

0 1114 1 1159 ἶ
30 1130 157 1160 Limosa
176 1131 298 1160 Zulich.
317 1129 461 1159 cubicula
474 1129 594 1159 Bodlei.

0 1177 1 1199 ἰ
28 1176 117 1207 Limo
130 1188 139 1205 :
150 1178 188 1206 In
202 1177 371 1207 Declamat.
382 1178 474 1213 XIII,
485 1187 517 1215 p.
531 1185 547 1204 2
555 1186 569 1213 7
577 1176 594 1206 5

28 1224 78 1254 ed.
95 1225 203 1253 Burm.
223 1224 281 1253 uhi
295 1223 348 1252 hic
367 1222 456 1251 locus
472 1231 597 1262 expres-

28 1280 80 1298 sus
99 1277 145 1298 est
158 1278 166 1299 z
181 1269 318 1298 Iuvabat
329 1275 386 1297 aut
399 1268 488 1297 lenta
501 1266 598 1296 vimi-

29 1325 72 1344 na
94 1314 204 1344 vernis
215 1315 337 1356 fetibus
357 1321 486 1350 texere,
507 1321 538 1343 ec
551 1331 597 1336 —

29 1361 154 1390 hiantes
171 1362 269 1391 rimas
280 1360 388 1390 tenaci
396 1360 494 1389 linere
497 1359 593 1402 fimo,

27 1414 120 1447 putes
138 1418 211 1437 eum
226 1408 334 1449 legisse
349 1407 382 1436 h.
398 1406 419 1436 l.
426 1405 520 1448 fimo.
537 1405 597 1436 Sed

26 1454 92 1483 luto
110 1453 228 1496 etfimo
243 1461 289 1483 est
301 1454 335 1483 in
352 1452 536 1483 Columella,
551 1469 597 1474 —-

30 1500 70 1535 45
83 1523 90 1537 ‚
108 1501 161 1535 46.
181 1501 289 1540 Apum
304 1499 497 1539 diligentiam
512 1499 595 1538 apia-

27 1547 68 1575 rii
77 1556 173 1586 opera
183 1545 392 1584 adjuvandam
402 1545 488 1574 dicit.
498 1543 597 1572 [Λευίς

26 1592 120 1621 limus
131 1615 139 1630 ,
164 1593 269 1622 lutum
279 1613 287 1628 ‚
313 1601 393 1630 aqua
410 1590 574 1619 subactum
585 1611 594 1626 ,

27 1648 100 1668 sane
123 1646 154 1668 et
176 1644 263 1667 tactu
287 1637 447 1666 lubricum
470 1642 502 1665 et
526 1636 596 1664 visu

0 1711 1 1714 ,
26 1685 177 1715 nitidum.
208 1685 298 1725 Unge
324 1694 341 1712 e
367 1682 444 1712 limo
469 1682 597 1721 proprie

0 1738 1 1765 ξ
27 1730 169 1767 dictum,
197 1736 235 1759 ut
255 1728 369 1758 medici
397 1728 509 1759 solent.
528 1726 593 1756 vid.

28 1777 124 1807 eund.
150 1775 279 1807 Rimosa
299 1774 416 1804 cubilia
434 1775 469 1803 in
491 1772 597 1813 pedes-

27 1825 69 1852 tri
93 1832 256 1859 sermone,
283 1823 376 1851 rimas
399 1819 532 1856 cubilis,
561 1819 594 1849 h.

28 1869 161 1899 alvearis
173 1891 182 1906 ,
207 1878 289 1908 unge
307 1867 442 1902 circum,
459 1865 594 1907 fimens,

28 1915 91 1944 hoc
122 1914 248 1955 poetico
274 1920 390 1943 ornatu
414 1911 596 1949 adjectum;

28 1970 102 1990 nam
133 1961 172 1990 ad
201 1959 336 1988 calorem
368 1956 597 1988 continendum

0 1996 1 2003 ἵ
30 2007 103 2036 alias
117 2007 152 2036 id
166 2005 238 2036 fieri
251 2004 347 2039 solet,
374 2010 411 2033 ut
430 2004 523 2032 rimas
540 2002 597 2032 ob-

0 2056 1 2072 ῐ
30 2059 183 2082 tutemus.
212 2051 321 2081 Cetera
344 2049 480 2079 illustrat
506 2048 598 2079 Colu-

31 2099 104 2128 mel.
118 2100 166 2129 IX
177 2121 185 2135 ‚
204 2103 244 2133 14
255 2119 264 2134 ‚
286 2102 327 2133 14
344 2094 503 2136 Quicquid
515 2093 599 2124 dein-

0 2170 1 2177 ,
31 2145 72 2174 de
84 2144 236 2174 rimarum
249 2149 305 2178 esc,
321 2149 378 2172 auc
382 2140 596 2183 foraminum,

0 2191 1 2219 ἰ
32 2190 99 2220 luto
115 2198 147 2220 et
153 2189 237 2233 fimo
254 2188 365 2218 bubulo
381 2187 480 2219 mistis
501 2185 602 2217 illine-

224 2257 253 2290 I.

655 725 723 744 mus
747 713 958 752 extrinsecus,
991 726 1048 745 nee
1073 717 1137 746 uisi
1158 718 1224 748 adi-

654 768 701 789 tus
711 783 719 797 ‚
734 760 844 801 quibus
856 748 1050 798 commeent,
1070 763 1224 804 relinque-

654 817 731 836 mus.
758 808 819 843 Et,
843 807 985 847 quamvis
1002 809 1130 848 porticu
1150 821 1223 849 pro-

653 859 736 882 tecta
749 863 844 889 vasa,
856 853 1060 883 nihilominus
1073 863 1223 897 congestu

652 899 826 928 culmorum
849 906 881 928 et
892 899 1059 940 srondz'mn
1088 909 1222 942 superte-

648 955 770 985 gemus,
784 952 1000 986 quantumque
1013 957 1062 976 res
1065 948 1217 986 patietur,

652 1001 672 1019 a
690 989 817 1032 frigore
839 998 871 1020 et
896 993 1133 1032 tempestatibus
1158 1005 1221 1023 mu-

651 1036 783 1066 niemus.
796 1054 843 1059 -—
860 1038 912 1072 46.
928 1040 1049 1068 Faveas
1067 1040 1149 1070 Toll.

697 1089 751 1120 47.
768 1085 837 1112 Nec
846 1084 979 1124 propius
989 1087 1219 1116 tert.R0ttend.

649 1129 700 1158 Ne
718 1130 907 1160 Arusianus.
935 1132 963 1160 T
961 1141 1060 1160 axum
1079 1131 1146 1161 sine
1162 1139 1222 1162 tec·-

650 1174 689 1204 tis
703 1175 781 1204 alter
802 1177 918 1206 Moret.
942 1184 1055 1206 tamum
1075 1179 1163 1208 tectis
1184 1179 1221 1207 si-

650 1231 688 1250 ne
706 1221 871 1262 Oblongus
892 1223 997 1253 Pierii.
1011 1240 1056 1245 —-
1073 1225 1220 1262 47—50.

649 1266 783 1304 snbjicit
810 1267 985 1306 nonnulla,
1007 1279 1078 1309 qnae
1104 1271 1138 1299 in
1171 1270 1221 1299 ad-

650 1312 794 1342 ornando
822 1314 938 1343 alveari
965 1314 1100 1345 videnda
1130 1324 1216 1347 sunt.

650 1359 697 1387 De
726 1366 805 1388 tamo
833 1358 897 1390 vid.
924 1360 1039 1402 Georg.
1077 1362 1133 1392 lib.
1160 1364 1192 1391 ΙΙ
1208 1385 1216 1399 ,

652 1404 737 1442 2573
770 1405 836 1434 Ecl.
860 1407 925 1441 IX,
959 1407 1012 1437 30.
1039 1409 1089 1436 De
1111 1408 1221 1437 cancri

649 1450 759 1479 nidore
768 1473 778 1485 ‚
806 1461 877 1480 cum
891 1458 937 1480 est
952 1452 1077 1492 ignibus
1089 1454 1220 1483 adustus

650 1495 728 1536 (uri
757 1503 860 1525 autem
887 1497 967 1526 solet
991 1499 1026 1527 in
1058 1500 1219 1529 variorum

648 1541 836 1570 morborum
858 1542 976 1583 cura),
995 1543 1060 1574 vid.
1086 1545 1219 1576 Gesneri

649 1593 767 1617 notam.
784 1587 823 1617 ad
843 1588 967 1618 Colum.
983 1590 1049 1626 lx,
1079 1591 1109 1628 5,
1127 1592 1158 1622 6.
1172 1608 1219 1615 ——-

652 1633 705 1667 48.
728 1634 801 1662 .Neu
826 1634 918 1664 crede
942 1644 998 1663 eas
1017 1636 1138 1675 paludi
1162 1647 1221 1668 aue

650 1679 805 1718 ejusmodi
822 1680 895 1710 loco
906 1702 914 1717 ‚
934 1680 988 1709 ubi
995 1682 1130 1711 -odor
1145 1694 1218 1724 grae

651 1725 704 1761 vis,
721 1725 887 1764 molestus,
901 1728 976 1765 quia
989 1726 1078 1757 fortis
1093 1735 1124 1758 et
1139 1735 1218 1759 teter

649 1778 705 1801 est.
735 1770 868 1812 Offensa
892 1771 1019 1814 imago,
1053 1773 1085 1803 h.
1107 1774 1218 1805 solidis

650 1817 755 1846 adlisa
764 1817 857 1854 locis,
873 1824 910 1847 ut
922 1820 1046 1849 Lucret.
1057 1821 1104 1849 VI
1113 1842 1121 1857 ‚
1141 1822 1179 1859 57
1187 1828 1218 1857 4,

632 1864 797 1903 'Sequitur
821 1870 914 1903 poeta
939 1866 1117 1895 Varronem
1143 1867 1193 1897 111
1208 1890 1216 1904 ‚

654 1910 706 1945 16,
721 1920 779 1947 12;
796 1909 882 1940 conf.
894 1909 1018 1940 Colum.
1031 1911 1089 1949 IX,
1103 1912 1121 1941 5
1135 1921 1217 1944 extr.

649 1955 708 1986 Rei
725 1965 866 1985 caussam
879 1955 998 1986 Plinius
1013 1956 1157 1999 adjungit
1170 1961 1219 1990 XI

654 2012 705 2041 19,
714 2008 789 2031 sect.
802 2011 819 2030 2
828 2012 841 2030 1
859 2010 867 2032 ε
881 2001 1016 2032 Inimica
1028 2010 1076 2033 est
1086 2011 1118 2033 ee
1130 2004 1217 2041 εοῆο,

649 2047 819 2077 resultanti
831 2057 926 2083 sono,
958 2048 1015 2090 qui
1023 2049 1162 2089 pavidas
1174 2052 1220 2081 al-

652 2101 739 2124 terno
746 2093 854 2134 pulset
865 2093 936 2124 ictu.

701 2140 753 2170 51.
767 2140 914 2170 Ceterum
930 2150 1002 2170 vere
1017 2141 1148 2173 ineunte
1168 2154 1220 2174 ex-

653 2186 699 2216 ire
727 2186 886 2228 incipiunt
930 2196 1002 2229 apes
1021 2197 1028 2218 :
1060 2189 1219 2220 essaimer.

1049 2251 1095 2286 32
