1408 2428
615 105 736 134 LIBER
761 105 786 134 Ι.

108 163 205 197 Vere
225 160 321 196 fabis
341 159 454 207 sati03
474 168 553 197 tum
575 169 611 197 te
631 174 804 210 quoque,
821 159 989 204 Medica,
1009 169 1139 209 putres
1254 168 1301 190 215

108 221 315 271 Adcipiunt
334 220 444 267 sulci,
465 230 502 257 et
520 221 624 258 milio
643 222 747 258 venit
768 234 891 258 annua
911 233 1014 266 cura,

108 281 298 318 Candidus
318 280 456 317 auratis
477 280 598 331 aperit
617 296 734 332 quum
754 280 932 319 cornibus
953 292 1091 317 annum

110 345 276 387 Taurus,
297 349 333 377 et
354 341 512 378 adverso
533 343 668 382 cedens
686 345 795 381 Canis
816 341 955 379 occidit
975 350 1086 377 astro.

101 459 262 500 pendent,
279 459 435 501 eleganter
453 471 469 490 e
486 468 598 493 natura
615 465 677 499 rei,

108 506 248 536 nubibus
266 507 410 535 noudum
434 508 469 536 in
493 508 610 540 imbres
631 521 679 539 so-

108 553 191 582 lutis.
208 552 326 582 Laudat
345 563 470 583 versum
487 554 611 587 Colum.
628 558 659 586 11
670 580 679 595 ,

111 599 128 627 8
139 621 147 635 ,
167 599 197 627 3.

73 651 85 691 ξ
157 655 174 674 2
184 654 196 673 1
205 645 290 674 5—2
300 655 311 673 1
321 645 336 673 8
344 669 350 674 .
365 647 447 675 Vere
459 647 574 678 seritur
592 649 677 687 faba,

74 691 82 733 Ῑ
109 702 133 720 s.
160 691 334 731 legumina,
352 691 472 721 medica
496 700 526 722 et
544 696 678 726 milium.

110 736 253 769 Medica,
274 736 371 766 herba
394 749 409 766 a
432 738 534 768 Medis
553 741 680 771 advecta

108 793 165 823 per
178 782 258 811 bella
272 785 436 813 Persarum
449 785 567 815 Graecis
579 787 679 825 illata,

109 828 218 868 pabuli
246 839 344 870 genus
370 833 615 869 praestantissimi
648 845 678 863 v.

110 875 190 904 Plin.
208 876 334 911 XVIII,
350 877 409 911 43;
424 876 536 907 Strabo
548 878 604 908 lib.
615 881 678 914 XI,

110 931 141 960 p.
165 920 228 959 796
254 921 302 956 C.;
322 927 464 950 nostrum
485 923 624 954 lucerne.
647 936 677 955 v.

110 966 230 996 Millers
246 966 439 996 Gardener’s
449 968 678 1009 Dictionaryh.

110 1023 141 1042 v„
167 1019 197 1042 et
218 1019 361 1042 auctores
383 1013 559 1054 botanices‚
582 1018 680 1057 inpri-

112 1058 170 1087 mis
188 1059 350 1089 Hallerum
368 1059 406 1089 de
421 1060 535 1100 plantis
549 1062 680 1103 pabula-

112 1104 172 1135 n‘b.
192 1115 223 1144 p.
242 1115 278 1142 2,
296 1112 318 1135 t.
343 1107 376 1143 Ι,
402 1109 483 1137 Nov.
502 1109 680 1139 Comment.

111 1152 183 1180 Soc.
204 1151 346 1193 Gotting.
370 1154 424 1182 Est
440 1153 524 1183 idem
550 1153 680 1184 ὡκύθοεν

114 1194 294 1238 τριπέτηλον
323 1199 406 1238 apud
440 1200 621 1231 Callimach.
648 1202 683 1230 in

113 1243 207 1273 Dian.
227 1243 308 1279 165,
327 1245 384 1274 ubi
406 1245 444 1276 cf.
472 1246 587 1286 spanh.
607 1248 683 1285 Ejus

113 1288 181 1318 laus
203 1297 234 1319 et
252 1299 327 1318 cura
349 1301 396 1331 ap.
418 1292 542 1322 Colum.
558 1294 606 1330 ΙΙ,
626 1304 662 1322 11
675 1316 682 1327 ,

114 1334 135 1375 S
164 1345 194 1365 2.
223 1335 334 1372 Fabae,
364 1338 454 1375 cujus
481 1338 528 1367 dix
537 1349 641 1368 ersum
669 1350 685 1367 a

113 1387 220 1410 nostra
238 1381 307 1411 faba
326 1393 443 1423 genus,
464 1391 494 1413 et
511 1385 685 1414 rotundum

115 1436 150 1455 ac
165 1437 298 1466 parvum
316 1428 462 1469 legumen
477 1430 638 1460 veteribus
652 1432 686 1459 in

115 1482 175 1501 usu
190 1479 265 1502 erat.
289 1473 353 1503 vid.
380 1475 479 1505 Indic.
497 1477 624 1516 Scriptt.
646 1479 685 1506 R.

116 1520 167 1554 R.;
195 1529 260 1548 non
285 1518 367 1549 idem
392 1522 540 1551 omnibus
563 1522 687 1552 serendi

115 1571 255 1605 tempus,
271 1566 416 1606 inprimis
431 1569 458 1597 si
482 1568 687 1598 Columellam

114 1609 171 1640 lib.
201 1612 248 1648 ΙΙ,
277 1623 304 1641 c.
335 1622 391 1650 10,
416 1613 435 1654 ὃ
462 1625 481 1653 9
514 1625 685 1655 compares,

116 1658 237 1686 Verum
264 1658 384 1688 Plinius
406 1668 413 1688 :
440 1660 592 1701 Virgilius
615 1673 686 1691 eam

111 1713 174 1742 per
186 1714 248 1733 ver
260 1703 323 1733 seri
334 1704 438 1746 jubet,
459 1706 686 1748 Circumpada-

117 1759 169 1778 nae
184 1749 291 1779 ltaliae
308 1750 384 1789 ritu,
401 1754 528 1790 XVIII,
550 1764 587 1783 12
598 1776 606 1791 ,
627 1755 685 1791 30,

115 1805 185 1836 pag.
204 1806 216 1825 1
226 1797 277 1827 15.
295 1797 355 1828 Sed
367 1809 462 1838 quam
477 1800 578 1837 varie,
592 1810 687 1840 quam

118 1843 259 1882 copiose,
273 1843 387 1873 extqut
398 1845 518 1886 singula
531 1845 598 1876 haec
612 1857 688 1886 poe-

116 1889 164 1917 ta!
184 1890 294 1918 Patres
309 1890 405 1927 sulci,
426 1891 532 1921 fractis
553 1899 584 1922 et
599 1903 685 1922 com—

116 1934 248 1963 minutis
266 1935 376 1965 crebra
389 1939 544 1974 aratione,
567 1945 684 1968 sterco—

116 1981 238 2009 ratione
259 1988 290 2010 et
306 1980 430 2023 frigoris
448 1983 637 2023 penetrabili
654 1985 688 2013 vi

116 2025 231 2066 glebis,
246 2037 278 2057 v.
296 2027 353 2057 Ge.
372 2029 420 2065 II,
438 2029 505 2065 284
520 2036 552 2059 et
569 2028 607 2059 al.
625 2030 685 2060 Co-

116 2071 194 2103 lum.
218 2082 255 2102 11
265 2095 274 2110 ,
293 2073 311 2102 3
326 2075 444 2104 Locum
463 2074 497 2104 in
513 2086 574 2115 quo
590 2075 688 2105 medi-

117 2129 188 2148 cam
209 2118 361 2160 proximo
385 2131 463 2151 vere
486 2128 608 2151 saturus
631 2132 681 2158 es,

110 2165 307 2204 proscindito
317 2166 402 2196 circa
419 2167 580 2197 Calendas
591 2169 684 2198 Oeco-

116 2210 195 2249 bris„
218 2219 251 2243 et
269 2223 340 2244 eum
361 2220 428 2244 tota
443 2212 547 2244 hieme
558 2221 684 2255 putres-

733 471 803 492 cere
826 458 932 489 sinito.
950 474 995 480 -—
1025 456 1102 487 216.
1136 453 1308 497 Accipiam

733 509 859 547 Menag‚
888 511 919 535 et
947 503 995 534 ed.
1030 505 1111 533 Ven.
1148 503 1308 543 accipient

733 553 875 584 Pari-has.
902 569 949 574 —
980 549 1107 580 Milium
1136 560 1203 579 non
1234 560 1307 579 vere

732 600 846 636 modo,
871 597 925 627 sed
949 603 979 627 et
1009 603 1111 626 aestate
1137 595 1220 637 (hoc
1244 596 1328 634 jam}

733 645 864 676 Hesiodi
883 650 988 681 aetate,
1005 653 1099 683 quem
1116 641 1180 672 vid.
1197 642 1232 671 in
1248 642 1308 672 Cli—

733 704 794 733 peo
815 691 879 732 398
891 714 899 728 ,
920 688 1003 730 399)
1023 697 1054 719 et
1067 689 1171 718 hieme
1187 688 1308 718 sereba-

735 746 802 775 tur3
823 737 909 767 unde
932 736 1087 766 calumnia
1103 737 1228 765 Senecae
1247 736 1304 775 Ep.

734 785 916 820 LXXXVI,
933 782 972 811 de
991 792 1051 821 qua
1072 776 1144 810 x-idj
1161 780 1261 810 Cerda
1278 789 1308 810 et

733 830 900 860 Martinus.
926 830 1009 858 vere
1035 834 1140 856 tamen
1166 837 1307 856 commo-

734 875 859 905 dissima
886 875 964 904 satio
991 885 1022 903 v.
1044 874 1168 904 Colum.
1196 874 1243 909 ΙΙ,
1272 885 1306 912 9,

739 922 918 958 18;XI,2‚
936 919 1121 957 33;Pallad.
1136 920 1253 956 1V‚tit.
1272 921 1306 951 3:

736 969 869 1008 Geopon
886 969 935 1004 ΙΙ,
960 967 1013 996 38.
1033 965 1125 996 Milio
1141 965 1235 995 venit
1250 976 1308 994 αη-

736 1025 799 1043 ηιια
825 1024 901 1043 cura
928 1013 1050 1053 poetica
1074 1013 1164 1052 copia
1188 1012 1309 1042 dictum

735 1060 862 1100 quidem
883 1070 959 1100 pro,
984 1059 1108 1088 milium
1127 1060 1251 1088 seritur.
1278 1069 1308 1087 x.

737 1105 930 1141 Columella,
969 1107 1014 1141 ΙΙ,
1050 1116 1069 1144 9
1104 1111 1192 1134 extra
1229 1104 1308 1134 Plin.

735 1153 863 1187 XVIII,
889 1151 948 1187 26,
967 1157 1041 1179 sect.
1063 1151 1122 1187 66,
1142 1158 1235 1187 extr&
1258 1151 1310 1179 sed

737 1208 809 1227 cum
833 1203 977 1237 respectu
1001 1196 1147 1233 medicae,
1172 1208 1243 1237 quae
1271 1207 1311 1225 ex

736 1254 804 1273 uno
825 1250 895 1272 satu
914 1242 1003 1271 denis
1022 1241 1114 1282 (nam
1130 1242 1215 1280 apud
1231 1242 1311 1272 Plin.

737 1290 758 1319 l.
789 1290 810 1319 l.
843 1294 992 1328 corrupte
1023 1286 1151 1316 tricenis
1178 1287 1313 1328 legitur)¹

739 1337 828 1364 annis
838 1335 942 1364 durat.
952 1350 997 1356 —-
1006 1335 1136 1362 Vere—
1145 1343 1251 1372 quum.
1264 1334 1314 1362 In·-

739 1389 835 1410 eunte
850 1390 923 1410 vere
935 1403 943 1417 ,
969 1379 1034 1409 sole
1057 1379 1091 1408 in
1107 1380 1247 1408 Taurum
1265 1380 1313 1408 in-

739 1437 855 1468 gresso.
882 1425 935 1456 Ad
958 1433 1100 1465 tempora
1124 1424 1313 1465 designanda

739 1480 841 1514 poetae
879 1479 983 1501 amant
1015 1470 1153 1500 siderum
1190 1477 1311 1500 motum

741 1528 1003 1554 commemorare,
1018 1517 1168 1557 quoniam
1184 1527 1218 1545 ea
1235 1518 1314 1546 ratio

739 1567 900 1606 poeticum
914 1570 1059 1594 ornatum
1075 1562 1220 1594 admittit.
1236 1564 1316 1592 Tau-

741 1623 791 1641 rus
818 1616 864 1641 est
886 1612 1011 1651 signum
1038 1610 1128 1639 vemi
1146 1610 1313 1649 temporis:

741 1668 814 1688 eum
827 1657 875 1687 sol
897 1657 952 1687 illo
976 1663 1118 1696 tempore
1140 1654 1245 1685 adibat
1268 1657 1313 1684 IV

740 1704 802 1734 kal.
821 1705 931 1734 Maias.
952 1701 1036 1732 conf.
1058 1704 1163 1732 Petav.
1180 1703 1313 1731 Auctar.

741 1753 801 1791 Op.
819 1750 858 1780 de
880 1750 982 1780 doctr.
1004 1755 1100 1788 temp.
1119 1748 1199 1785 VII,
1219 1748 1248 1777 3.
1267 1765 1311 1769 —<

744 1796 921 1833 Candidus,
943 1801 1098 1836 quatenus
1126 1793 1226 1822 sidera
1251 1793 1312 1822 ful-

739 1844 843 1884 genua
854 1841 997 1872 candida
1010 1840 1177 1876 dicuntur,
1191 1838 1313 1868 auratis

739 1889 885 1919 cornibus
899 1911 908 1926 ,
940 1885 1145 1917 rutilantibus
1181 1891 1312 1925 propter

738 1935 943 1965 lucidissimas
951 1935 987 1963 in
995 1933 1099 1962 fronte
1108 1930 1226 1968 stellas3
1239 1941 1313 1971 ape-

739 1981 781 2011 rit
791 1991 931 2017 annum,
947 1989 1021 2008 cum
1034 1978 1110 2007 anni
1125 1983 1251 2017 tempus
1260 1976 1293 2006 id
1303 2000 1321 2014 ,-

739 2037 802 2068 quo
817 2027 910 2057 tellus
922 2024 1060 2055 resoluta
1073 2023 1167 2053 flores
1181 2022 1309 2053 herhas-

739 2084 801 2114 que
817 2072 968 2109 effundit,
987 2077 1057 2101 tum
1077 2070 1209 2111 incipiat
1230 2078 1238 2099 :
1258 2069 1313 2100 sed

739 2130 834 2160 quam
860 2118 1012 2149 suaviter!
1035 2118 1203 2157 Emergere
1224 2114 1311 2145 sidus

737 2166 835 2197 Tauri
853 2172 884 2195 et
898 2162 1086 2195 adscendere
1105 2162 1222 2192 coelum
1240 2168 1309 2191 tum

738 2211 840 2242 videri
852 2218 972 2252 potest3
990 2208 1142 2240 cornibus
1158 2209 1264 2248 itaque
1280 2213 1312 2237 et

1056 2271 1119 2309 15*
