1408 2428
549 58 717 87 ECLOGA
742 61 781 87 X.

1210 70 1266 95 ¹27

82 117 188 151 Nunc
206 115 356 152 insanus
372 126 478 151 amor
497 114 583 150 duri
600 124 636 151 te
653 115 785 151 Martis
804 116 841 150 in
861 116 974 152 armis

83 176 173 212 Tela
188 175 285 211 inter
299 175 423 211 media
438 184 549 223 atque
566 174 742 212 adversos
764 175 904 212 detinet
923 175 1052 211 hostis.
1240 185 1271 213 *⁸5

83 238 141 271 Tu
156 235 287 284 procul
304 248 324 270 a
340 234 479 284 patria,
500 247 568 270 nec
585 235 631 271 sit
648 234 740 271 mihi
757 234 910 271 credere
927 237 1094 272 tantum!

86 294 257 343 Alpinas,
279 294 326 330 ali
342 293 457 340 dura,
474 294 578 330 nives
599 303 635 330 et
656 295 796 344 frigora
812 294 936 331 Rheni

86 357 149 391 Me
169 355 247 392 sine
263 355 340 391 sola
358 354 474 391 vides.
491 354 551 391 Ah
576 363 612 391 te
628 368 676 392 ne
692 355 831 405 frigora
846 354 1002 391 laedant!

87 415 147 450 Ah
163 414 232 451 tibi
247 428 294 451 ne
310 423 456 451 teneras
474 414 607 464 glacies
624 423 723 452 secet
740 427 871 464 aspera
888 414 1049 463 plantas!

89 473 176 518 Ibo,
193 483 246 519 et,
268 474 481 512 Chalcidico
497 486 580 523 quae
597 483 683 511 sunt
701 474 795 511 mihi
811 473 962 511 condita
980 487 1091 510 versu
1243 484 1273 506 50

89 604 210 644 vulgari
224 614 232 634 ε
246 611 349 634 tecum
368 612 523 636 senectam
540 616 653 636 consu-

90 660 215 680 merem.

119 701 191 732 .44.
217 695 288 725 Diri
309 698 394 727 Leid.
419 708 513 727 unuS.
538 716 583 720 ——
600 698 653 728 Ad

92 742 278 780 Lycoridem
295 742 362 772 haec
379 750 521 783 spectant
539 745 572 773 in
586 755 652 774 cas-

93 794 147 815 tris
174 798 247 817 cum
286 796 422 818 amatore
453 796 627 819 versantem
644 800 651 819 ζ

94 835 196 862 Amor
208 841 237 862 te
249 833 378 864 detinet.
392 836 494 863 Antea
507 841 582 871 erat,
593 846 653 866 me.

93 880 139 907 Ita
155 889 229 908 vero
252 879 433 909 versabatur
446 880 557 909 eodem
576 887 652 911 tem-

92 935 169 964 pore
186 925 295 954 Gallus
309 926 344 954 in
356 926 460 965 aliqua
475 928 651 967 expeditio—

94 982 150 1007 ne;
166 972 228 1000 nisi
248 971 307 1000 sub
332 973 478 1012 Augusto
502 973 542 1003 ad
564 977 655 1004 Pom-

94 1019 219 1056 peianas
242 1017 352 1047 classes
377 1019 417 1048 ab
442 1020 539 1049 Italiae
558 1020 657 1050 litori-

95 1063 155 1092 bus
169 1063 318 1093 arcendas
330 1066 448 1095 eumin
458 1067 550 1095 armis
565 1067 658 1097 fuisse

95 1109 223 1140 dixeris
239 1112 339 1150 Atqui
355 1114 461 1142 omnia
476 1112 543 1142 haec
559 1113 658 1143 aliena

95 1161 171 1184 sunt
187 1156 226 1185 ab
244 1167 293 1193 eo,
308 1158 364 1196 qui
379 1159 413 1187 in
431 1159 567 1188 Arcadia
576 1160 659 1190 inter

95 1208 233 1241 pastores
251 1202 392 1233 desidere
414 1202 546 1245 fingitur
558 1217 587 1236 V.
608 1213 658 1242 14.

96 1249 221 1277 Servius
234 1259 300 1286 me,
318 1260 422 1279 meum
441 1252 598 1288 animum,
614 1254 661 1282 in-

97 1301 300 1334 terpretatur;
312 1302 415 1325 mente
428 1303 458 1326 et
469 1298 574 1325 animo
587 1308 661 1327 cum

97 1341 252 1379 Lycoride
266 1352 341 1378 esse.
360 1342 495 1371 Videtur
504 1343 582 1372 adeo
598 1354 662 1373 me-

99 1385 167 1414 deri
179 1387 314 1416 voluisse
328 1388 416 1423 vitio,
426 1388 547 1417 medela
563 1390 662 1419 multo

99 1431 269 1468 deteriore3
284 1443 358 1461 cum
368 1433 463 1462 verba
473 1440 536 1462 tam
550 1446 663 1474 parum

98 1488 167 1506 eam
192 1478 368 1508 admittant.
389 1479 441 1509 Ad
465 1479 663 1520 allegoricam

101 1534 175 1553 vero
194 1525 349 1553 rationem
363 1526 468 1554 omnia
482 1525 549 1555 haec
564 1533 664 1556 trans-

100 1569 180 1598 ferre
195 1571 221 1599 si
234 1570 320 1606 velis,
335 1577 366 1599 et
379 1572 481 1601 verbis
497 1578 528 1601 et
541 1580 663 1602 naturae

100 1617 246 1645 carminis
276 1623 307 1646 et
332 1618 437 1646 sensui
462 1619 558 1647 animi
581 1621 663 1648 veris

100 1668 131 1690 et
151 1662 347 1703 simplicibus
368 1663 475 1693 inusto
493 1664 527 1693 id
548 1676 663 1705 repug-

102 1718 176 1737 nare
208 1709 297 1738 facile
329 1710 451 1739 senties.
469 1709 665 1750 -—[Contra

102 1755 264 1794 Heynium
294 1755 459 1785 contendit
492 1759 664 1794 Potterius,

103 1799 232 1839 (Herm.
264 1801 362 1831 Class.
387 1801 491 1832 fascic.
513 1804 546 1839 Ι,
564 1814 595 1844 p.
624 1804 664 1833 83

103 1846 194 1886 sqq.)
233 1847 418 1877 servandam
447 1859 575 1888 prorsus
603 1860 667 1879 esse

104 1890 271 1922 lectionem
289 1903 350 1929 me,
367 1903 463 1932 quam
480 1895 589 1934 scripti
602 1906 668 1925 om-

107 1947 172 1972 nes,
191 1945 222 1967 et
246 1940 329 1968 inter
351 1939 452 1969 editos
474 1941 585 1979 optimi
603 1952 668 1971 uno

106 1992 263 2013 consensu
276 1991 421 2021 tuentur3
441 1987 615 2015 etomnino
628 1987 667 2016 ad

107 2029 235 2059 Gallum
261 2030 461 2060 referendum
487 2038 609 2068 censet,
638 2039 668 2061 et

107 2075 313 2115 probabiliter
350 2078 422 2105 satis
463 2076 666 2108 demonstrat.

108 2123 215 2162 Ipsum
245 2133 276 2152 se
302 2123 386 2152 enim
409 2123 587 2162 pastoribus
609 2124 670 2153 illis

108 2175 268 2208 comparat
283 2169 403 2205 Gallus,
415 2179 430 2198 e
448 2169 564 2208 quibus
574 2180 669 2199 unum

706 616 770 635 esse
785 617 816 635 se
833 612 961 645 exoptat
978 616 985 639 ;
1010 605 1064 634 sed
1074 614 1169 644 quam
1179 605 1272 645 louge

706 652 766 680 alia
780 662 847 680 mea
862 662 939 687 sors,
957 652 1122 686 exclamat,
1138 661 1209 690 quae
1223 662 1272 680 me

707 697 821 726 Dim-cis
846 696 879 726 in
904 697 1012 733 armis,
1029 697 1094 726 tela
1111 696 1194 726 inter
1209 703 1270 727 etc.

707 743 836 772 detinet.
851 745 926 772 Haec
944 742 1133 781 Potterius.]

757 789 809 823 46.
831 790 900 817 Nec
918 788 959 816 sit
977 787 1056 816 mihi
1072 787 1216 822 credere,
1240 787 1271 818 h.

709 834 829 862 utinam
842 834 933 862 liceat
949 833 1025 861 mihi
1048 844 1115 862 non
1131 833 1273 863 credere!

709 876 751 911 εἴη
763 889 814 920 μοι
824 878 867 920 μὴ
877 877 1042 915 πείθεσθαι,
1054 889 1094 908 ne
1105 889 1200 918 cogar
1209 888 1275 907 cre-

709 924 799 962 derc3
811 926 850 955 de
861 925 960 956 forma
971 936 1010 954 ne
1020 925 1097 955 sitv.
1106 925 1145 954 ad
1156 924 1275 955 Tibull.

711 972 724 999 1
735 993 742 1007 ‚
755 972 775 999 6
787 993 796 1008 ‚
820 983 832 1001 1
841 978 869 1008 4.
891 974 1027 1001 Tantum
1038 994 1046 1007 ‚
1057 977 1177 1000 tantam
1187 993 1194 1007 ,
1213 977 1276 1000 tam

711 1024 849 1047 atrocem
862 1029 938 1049 rem.
948 1036 994 1040 —-
1004 1019 1151 1049 Ceterum
1164 1018 1197 1046 in
1212 1019 1279 1047 Ser-

712 1064 811 1093 vianis
834 1064 874 1094 ad
895 1065 951 1095 h.l.
972 1064 1017 1094 Hi
1040 1074 1148 1093 omnes
1169 1073 1279 1092 ‘versus

714 1110 804 1139 Galli
812 1119 894 1149 sime,
905 1111 944 1140 de
954 1110 1049 1150 ipsius
1060 1109 1209 1139 translati
1214 1119 1279 1138 car-

713 1155 857 1186 minibus,
867 1159 933 1187 N'ec
944 1156 1152 1197 improbabile
1161 1156 1223 1185 hoc
1233 1154 1280 1190 fit,

713 1212 729 1230 e
738 1203 821 1231 Galli
829 1205 965 1232 carmine
972 1205 1137 1233 Maronem
1147 1201 1283 1231 nonnul-

714 1248 743 1277 la
768 1251 963 1288 expressisse.
986 1249 1052 1288 Qui
1078 1254 1183 1277 tamen
1194 1270 1202 1283 ‚
1228 1253 1281 1276 aut

715 1301 795 1333 quot
807 1305 914 1323 versus
926 1295 1017 1324 Gallo
1031 1294 1216 1329 debeantur,
1230 1303 1283 1321 ne-

716 1350 768 1369 mo
788 1340 914 1370 dixerit.
934 1340 1130 1369 Fontaniuus
1146 1339 1218 1368 hist.
1235 1338 1282 1368 lit.

717 1386 855 1424 Aquilei.
880 1397 950 1426 pag.
979 1386 1019 1415 35
1046 1395 1160 1414 novem
1184 1394 1284 1424 usque

716 1432 755 1460 ad
767 1442 810 1461 vs.
825 1432 878 1467 54,
889 1432 974 1461 Galli
986 1442 1049 1461 esse
1060 1430 1282 1460 contendebat.

764 1478 818 1507 50.
840 1477 1022 1507 Chalcidico
1042 1487 1138 1506 versu
1159 1476 1192 1506 h.
1220 1478 1281 1506 Eu-

715 1523 878 1563 phorionis
889 1547 897 1561 ‚
928 1526 992 1553 sive
1016 1524 1113 1553 latine
1138 1522 1263 1552 reddito
1275 1545 1282 1557 ,

715 1571 780 1599 sive
813 1570 988 1600 imitatione
1019 1580 1166 1610 expresso
1188 1570 1199 1609 (
1222 1568 1283 1597 hoc

715 1616 843 1655 quidem
860 1617 980 1647 Probus
996 1614 1119 1645 firmat:
1131 1629 1146 1640 «
1157 1614 1282 1655 Eupho-

716 1663 787 1691 rion
801 1680 847 1685 —
859 1664 949 1701 cujus
964 1664 999 1692 in
1015 1661 1185 1691 scribendo
1201 1661 1285 1690 colo-

717 1719 782 1737 rem
796 1716 946 1749 sequutus
961 1709 1088 1738 videtur
1105 1707 1217 1735 Gallus
1233 1721 1248 1732 n
1258 1705 1285 1746 ),

719 1761 750 1784 et
770 1756 898 1795 quidem
923 1756 961 1785 de
985 1754 1135 1795 Apolline
1156 1753 1287 1792 Gryneo

719 1802 848 1841 ejusque
861 1802 1008 1831 oraculo:
1025 1811 1054 1829 v.
1072 1809 1142 1838 sup.
1158 1800 1216 1834 VI,
1233 1809 1285 1835 72.

720 1849 860 1888 Respicit
874 1847 906 1877 h.
922 1848 943 1877 l.
961 1847 1090 1886 Quinct.
1107 1846 1159 1881 X,
1179 1854 1192 1873 1
1208 1866 1216 1880 ,
1235 1844 1288 1880 56,

721 1895 776 1932 qui
785 1916 792 1929 ‚
806 1893 894 1932 quod
911 1891 1093 1922 Chalcidico
1107 1900 1202 1919 versu
1215 1900 1290 1920 con-

722 1939 861 1968 ditorum
890 1940 1065 1968 carminum
1096 1936 1287 1977 mentionem

721 1983 795 2013 facit
820 1986 912 2014 Maro
923 2007 931 2021 ,
961 1984 1036 2013 inde
1062 1983 1183 2022 colligit
1193 2004 1202 2018 ,
1229 1984 1289 2012 Eu-

721 2030 907 2070 phorionem
934 2031 964 2059 ei
985 2030 1079 2059 fuisse
1109 2029 1288 2068 probatum.

721 2078 741 2106 J
743 2087 792 2105 am
816 2087 852 2106 ea
881 2077 1019 2106 carmina
1046 2073 1153 2104 fistula
1178 2085 1289 2103 canere

721 2123 868 2153 instituit.
893 2123 1023 2164 Egregie
1050 2129 1154 2151 autem
1179 2121 1290 2149 misere

724 2169 854 2198 cruciati
869 2176 899 2199 et
914 2171 946 2199 iu
966 2179 1074 2199 omnes
1091 2174 1194 2207 partes
1210 2167 1291 2206 rapti
