1377 2428
568 87 690 117 LIBER
715 87 772 115 ΠΙ.

1203 86 1268 125 319

75 140 305 189 Exquirunt‚
326 141 562 191 calidumque
579 143 731 187 animis,
753 151 789 178 et
805 140 980 178 cursibus
1001 154 1143 187 acrem3

77 201 257 245 Quamvis
273 214 370 251 saepe
387 202 473 251 fuga
492 214 621 238 versos
644 202 704 238 ille
726 201 845 251 egerit
867 201 1005 246 hostis,

1222 218 1268 233 120

77 261 123 296 Et
140 260 301 309 patriam
320 261 476 310 Epirum
496 261 654 306 referat,
672 261 858 310 fortisque
879 263 1077 309 Mycenas,

76 320 318 369 Neptunique
333 320 415 369 ipsa
438 320 599 357 deducat
618 320 763 369 origine
786 329 945 369 gentem.

129 380 197 417 His
217 380 482 418 animadversis
501 381 640 417 instant
661 379 730 417 sub
749 389 917 429 tempus,
938 388 975 416 et
991 379 1112 416 onmis

76 440 290 488 Inpendunt
309 453 418 477 curas
456 440 571 477 denso
587 439 801 476 distendere
819 439 972 488 pingui,

79 501 200 544 Quem
218 500 342 550 legere
362 501 513 546 ducem,
530 508 567 537 et
587 501 716 549 pecori
732 500 863 536 dixere
880 499 1074 546 inaritum3

1223 510 1269 533 125

77 560 339 610 Pubentesque
359 571 485 598 secant
498 561 636 598 herbas
647 589 657 606 ‚
676 561 888 610 fluviosque
907 560 1139 612 ministrant,

79 679 182 716 fuisse,
194 686 224 708 et
233 679 383 719 praeclaro
393 690 504 720 genere
515 686 568 710 aut
577 681 644 709 stir-

78 735 117 765 pe
132 735 196 755 esse
206 733 329 761 ortum;
345 728 406 755 nisi
424 727 542 756 scilicet
555 728 644 764 juve-

79 771 151 800 nilis
178 778 249 801 aetas
269 772 357 802 adsit.
379 774 515 812 Respexi
538 774 571 801 iu
586 773 644 801 hac

78 818 645 849 structuraverborumsententiarum

80 863 224 894 ordinem
236 875 268 894 v.
286 865 340 904 95.
360 875 434 895 100.
454 866 538 901 Alii,
559 865 646 905 quod

79 920 152 939 sane
166 911 269 950 primo
285 911 434 951 adspectu
449 911 581 940 obvium
601 918 646 940 est

80 955 220 986 referunt
238 956 277 985 ad
300 958 445 998 proxime
462 957 646 987 anteceden-

81 1003 140 1040 tia,
163 1013 257 1032 usum
272 1004 346 1043 equi
369 1010 399 1032 et
417 1003 456 1032 ad
474 1014 601 1033 cursum
617 1011 648 1033 et

80 1048 120 1077 ad
136 1058 284 1085 currum;
312 1050 355 1079 ita
373 1060 448 1079 vero
467 1050 645 1090 episodium

80 1094 228 1134 languere
250 1095 387 1125 videtur.
415 1096 563 1137 Blagistri
572 1120 579 1131 ‚
609 1103 646 1125 ut

80 1140 161 1170 bene
178 1148 286 1171 monet
306 1144 446 1172 Ouwens
461 1153 492 1182 p.
512 1144 574 1172 588
588 1165 596 1179 ‚
613 1142 645 1172 h.

80 1187 102 1217 l.
119 1194 194 1217 sunt
208 1187 394 1217 alendorum
410 1199 567 1228 equorum
584 1195 649 1218 stu-

82 1233 172 1269 diosi,
192 1244 259 1264 non
274 1233 507 1274 fingendorum.
523 1236 573 1265 Sic
589 1236 646 1264 inf.

85 1280 148 1315 445
162 1280 271 1309 ovium
282 1303 290 1316 ,
307 1287 338 1310 et
350 1281 408 1318 IV,
425 1281 488 1310 283
505 1282 562 1320 qui
577 1291 648 1321 apes

83 1326 158 1355 colit
174 1348 182 1363 ,
212 1327 357 1366 apiarius.
382 1344 428 1349 -—
457 1337 531 1356 120.
560 1329 649 1368 Fuga

83 1383 190 1402 versos
201 1383 260 1412 pro
274 1373 413 1413 vulgari,
430 1374 462 1402 in
474 1373 587 1414 Fugam.
604 1391 649 1396 —

89 1429 162 1448 121.
185 1418 299 1458 Epirus
321 1418 333 1459 (
347 1430 378 1448 v.
394 1430 464 1459 sup.
483 1420 598 1461 Georg.
614 1421 629 1449 Ι
640 1443 648 1456 ,

85 1466 138 1504 59.
157 1464 239 1495 conf.
255 1464 399 1495 Bochart.
411 1467 536 1496 Hieroz.
551 1468 583 1495 ΙΙ
593 1488 601 1502 ,
616 1466 650 1505 6)

83 1519 114 1541 et
140 1512 285 1550 Mycenae
311 1521 384 1541 cum
409 1518 474 1542 tota
498 1512 651 1553 Argolide

83 1559 94 1599 (
109 1569 138 1587 v.
155 1568 225 1598 sup.
245 1569 275 1586 v.
294 1564 335 1593 44
350 1558 361 1598 )
388 1569 485 1597 equos
502 1566 648 1599 praestan-

84 1604 218 1633 tissimos
232 1603 367 1634 alebant.
381 1621 428 1626 -
447 1615 521 1634 122.
539 1607 646 1645 Ipsam

83 1657 216 1689 uterque
228 1650 384 1680 Arundel.
393 1669 440 1675 —-
449 1651 580 1692 Origine
595 1663 649 1681 ηο-

83 1706 155 1725 men
178 1698 349 1726 Romanus.
363 1713 410 1719 ——
431 1699 583 1737 Quamvis
599 1709 651 1739 ge-

83 1752 143 1771 nus
168 1741 263 1772 ducat
286 1741 325 1771 ab
345 1744 415 1783 ipso
439 1744 609 1783 Neptuno,
634 1755 650 1774 a

83 1798 148 1828 quo
163 1795 195 1818 et
217 1789 329 1819 Cerere
341 1812 350 1826 ‚
376 1791 410 1819 in
430 1800 548 1829 equum
573 1800 650 1820 cou—

82 1835 198 1872 versis,
227 1834 329 1864 Arion
351 1835 405 1865 ille
420 1837 602 1865 notissimus
615 1838 648 1866 in

84 1879 198 1909 fabulis
217 1891 319 1920 equus
340 1888 433 1911 natus
448 1883 519 1912 fuit.
540 1883 650 1912 Variat

84 1931 189 1955 tamen
201 1926 317 1956 fabula.

135 1973 198 2002 123
221 1990 268 1995 ——
297 1974 370 2009 134.
397 1975 446 2004 De
481 1973 651 2005 admissura

38 2048 47 2056 ⁶
83 2019 151 2058 ipsa
172 2020 328 2058 praecipit.
350 2021 460 2060 Equus
485 2027 516 2050 et
542 2027 650 2050 taurus

85 2063 187 2105 (nam
205 2075 235 2095 v.
263 2071 304 2104 49
324 2064 362 2094 de
384 2072 519 2108 utroque
541 2068 652 2107 praeci-

85 2120 160 2150 pere
177 2111 360 2151 incipiebat.
387 2112 470 2143 conf.
495 2114 624 2144 Martin.
641 2112 653 2154 )

86 2166 123 2185 ea
137 2157 304 2198 ingruente
317 2158 497 2199 saginandi,
515 2170 603 2200 equae
618 2171 653 2190 ac

86 2212 191 2233 vaccae
201 2211 277 2235 sunt
288 2205 491 2237 macerandae.
506 2206 654 2237 Commu·

697 691 737 709 ne
760 686 955 720 praeceptum
980 678 1134 708 Varronis
1154 679 1203 714 II,
1228 679 1246 707 5
1261 701 1268 714 ‚

703 737 752 762 12,
771 733 800 755 et
815 728 856 762 ΙΙ,
880 736 906 762 1,
929 736 964 763 17
979 736 986 761 ς
1002 724 1184 755 Columellas
1201 726 1264 761 VI,

701 783 739 810 27
755 795 762 809 ‚
782 772 799 800 8
813 794 820 808 ‚
842 771 970 801 Palladii
986 777 1016 800 et
1032 772 1175 800 omnium
1187 793 1194 805 ‚
1213 771 1270 810 qui

698 818 755 847 hae
777 818 815 847 de
837 829 870 847 re
891 824 1120 857 praeceperuut.
1146 817 1269 857 Pingue

699 875 758 905 pro
785 863 996 904 pinguedine3
1021 864 1144 902 sagina,
1175 869 1211 891 ut
1235 864 1269 891 iu

700 912 837 940 Lucretii
862 921 954 939 versu
974 912 1008 946 Ι,
1036 910 1099 938 258
1121 919 1268 948 agnosce-

700 957 754 988 bat
781 957 1007 997 Phylargyrius
1030 965 1037 985 :
1064 955 1150 984 Hinc
1169 954 1270 996 fessae

695 1003 834 1044 pecudes
848 1002 965 1043 pingui
974 1013 1035 1042 per
1049 1002 1173 1041 pabula
1195 1002 1271 1031 loeta

703 1051 845 1089 Corpora
870 1050 1055 1089 deponunt;
1084 1048 1142 1077 ubi
1162 1047 1270 1088 vulga-

700 1103 768 1125 tum
785 1103 847 1126 est:
860 1095 1038 1136 lzincfessce
1051 1094 1189 1134 pecudes
1198 1093 1272 1134 pin-

697 1153 775 1183 gues
790 1153 800 1171 .·
815 1149 852 1171 ut
873 1143 1046 1182 jungantur
1063 1140 1200 1181 pingues
1212 1151 1274 1180 per

696 1189 819 1228 pabula
834 1212 844 1224 ,
878 1189 935 1217 etsi
966 1188 1030 1217 duo
1059 1187 1196 1227 epitheta
1226 1188 1271 1215 sic

699 1235 810 1271 juncta
835 1234 1013 1264 offendunt,
1041 1235 1169 1268 Denso,
1203 1243 1272 1262 non

701 1280 792 1317 laxo,
818 1281 905 1320 quod
925 1279 1115 1320 quibusdam
1133 1280 1273 1319 potioni-

702 1326 762 1355 bus
778 1337 834 1367 per
854 1327 995 1356 fraudem
1009 1336 1156 1365 agasones
1172 1325 1273 1354 facere

703 1380 957 1408 consueverunt,
981 1379 1018 1401 ut
1034 1372 1114 1401 bene
1134 1372 1273 1408 Servius,

704 1418 791 1448 Idem
825 1419 935 1448 dixere
954 1442 962 1455 ‚
997 1418 1028 1447 h.
1060 1417 1270 1458 designavere.

704 1467 815 1495 Horat.
832 1465 894 1495 Od.
907 1467 937 1494 II
949 1487 957 1501 ‚
977 1475 1007 1502 7,
1022 1475 1075 1502 27,
1096 1465 1197 1503 Quem
1213 1465 1272 1492 Ve-

704 1522 762 1540 nus
776 1511 926 1540 arbitrum
943 1511 1022 1539 dicit
1039 1509 1169 1539 bibendi
1183 1513 1199 1538 ,³
1212 1509 1272 1546 flu-

702 1557 778 1593 vios,
810 1568 931 1597 aquam.
956 1575 1002 1580 —-
1043 1563 1116 1592 124.
1155 1557 1274 1595 Inpen-

701 1603 779 1632 dent
803 1611 904 1643 quart.
937 1605 1052 1633 Moret.
1079 1621 1126 1625 —
1153 1601 1274 1631 Distin-

699 1660 797 1690 guere
816 1650 900 1680 Leid.
924 1660 1017 1679 unus.

754 1696 828 1726 125.
868 1698 967 1736 Quem
1014 1696 1120 1736 legere
1161 1694 1268 1723 vimm

704 1744 831 1772 Servius
860 1743 899 1772 ad
926 1742 1075 1782 Eclogam
1101 1742 1164 1771 VII
1189 1763 1198 1777 ‚
1231 1752 1266 1778 7,

704 1788 761 1817 ubi
789 1788 846 1817 Vir
873 1788 981 1830 gregis
1009 1788 1075 1828 ipse
1103 1798 1209 1827 caper.
1225 1805 1272 1810 -—

710 1835 784 1864 126.
806 1835 1031 1874 Florentesque
1062 1835 1272 1873 antiquissimi

704 1890 824 1910 omues,
846 1882 1020 1912 Revocavit
1041 1886 1114 1921 post
1130 1879 1271 1910 Brunck.

704 1933 735 1956 et
762 1927 887 1957 Wakef.
922 1928 1088 1957 Potterius.
1117 1926 1274 1955 Pubemes

703 1972 832 2002 induxit
852 1974 973 2013 primus
989 1974 1067 2002 Geo.
1081 1972 1204 2002 Fabi-ie.
1223 1973 1274 2002 vel

703 2020 810 2059 potius
821 2019 980 2049 transtulit
993 2030 1033 2048 ex
1043 2022 1112 2049 AEn.
1126 2020 1182 2055 IV,
1197 2018 1272 2054 514.

706 2065 850 2094 Falcibus
861 2073 893 2095 ec
901 2077 1010 2095 messae²
1020 2065 1066 2094 ad
1072 2065 1184 2095 lunam
1192 2075 1275 2105 quoe-

706 2119 818 2141 rantur
825 2112 916 2142 aenis
924 2112 1082 2142 Pubentes
1095 2111 1198 2141 herbae
1212 2118 1271 2141 etc.

705 2175 752 2180 —-
758 2158 913 2189 Pubentes
922 2157 1034 2189 herbas
1041 2182 1050 2195 ,
1063 2159 1273 2199 lanuginosas.

706 2205 807 2236 Pubes
820 2207 909 2246 χνοῦς
920 2228 928 2243 ,
944 2205 1029 2236 unde
1042 2202 1115 2238 ἄνθη
1140 2199 1274 2244 χνοώδη.
