1377 2428
526 74 648 102 LIBER
673 72 729 100 III.

1160 68 1223 103 35,

35 135 166 171 Victor
186 146 321 182 equus,
344 132 539 178 fontesque
559 129 761 172 avertitur,
780 135 815 162 et
833 125 928 175 pede
945 135 1084 162 terram

35 195 177 232 Crebra
195 193 297 237 ferit;
314 190 482 226 demissae
502 201 628 234 aure53
645 188 809 223 incertus
827 186 969 222 ibidem
1175 193 1222 216 δυο

37 255 180 299 Sudor,
197 261 233 289 et
252 252 313 288 ille
333 249 484 299 quidem
499 248 692 284 morituris
710 247 888 297 frigidus;
906 256 986 283 aret

38 315 164 360 Pellis,
181 323 216 350 ct
233 312 281 349 ad
298 318 438 347 tactum
454 310 629 346 tractanti
650 308 745 345 dura
763 307 913 344 resistit.

38 378 127 412 Haec
147 381 231 410 ante
249 370 405 408 exitium
421 369 552 419 primis
569 368 658 405 dant
676 368 781 417 signa
795 366 939 403 diebus.

37 435 103 471 Sin
118 435 156 470 in
174 445 351 483 processu
370 430 482 480 coepit
497 429 718 466 crudescere
737 427 906 473 morbus,

35 497 132 531 Tum
146 506 238 529 vero
255 491 427 528 ardentes
443 490 560 535 oculi,
578 497 690 539 atque
710 487 900 524 adtractus
921 485 968 522 ab
988 486 1062 521 alto
1148 533 1152 537 ‚
1178 495 1226 517 505

39 554 220 604 Spiritus,
238 551 428 588 interdum
447 550 589 600 gemitu
609 549 750 599 gravis,
772 548 921 596 imaque
943 547 1054 595 longo

39 613 106 649 nia
121 612 286 661 singultu
304 610 480 656 tendunt3
497 610 526 646 it
544 609 700 646 naribus
717 617 796 645 ater

41 672 218 720 Sanguis,
236 679 272 706 ct
292 670 461 706 obsessas
478 670 603 706 fauces
619 670 755 718 premit
772 680 903 717 aspera
920 667 1055 715 lingua.

41 809 134 838 habet
145 831 153 845 ‚
179 807 302 837 nullum
336 807 500 847 praemium
512 829 520 843 ‚
555 813 608 836 aut

41 856 147 895 potius
169 865 208 883 ex
227 864 263 883 eo
282 862 401 882 noxam
423 859 454 882 et
477 853 606 883 malum.

43 902 160 932 Contra
175 903 244 930 AEn.
262 901 308 928 VI
319 922 327 935 ,
346 897 609 939 416sortnnatus-

42 958 103 987 que
125 947 279 976 laborum.
301 947 443 985 Apparet
459 946 552 974 etiam
569 955 608 973 ex

44 994 215 1023 imitatione
228 991 336 1022 Ovidii
350 993 427 1021 Met.
444 992 507 1020 VII
518 1013 526 1027 ,
544 992 606 1026 542

45 1042 130 1069 Acer
145 1048 242 1079 equus
262 1037 445 1078 quondam,
470 1047 610 1078 magnoe-

44 1097 104 1126 que
125 1085 156 1114 in
174 1084 302 1127 pulvere
314 1082 439 1124 famoe,
461 1084 608 1124 Degene-

44 1132 251 1171 7·c1tJmlmc15;
268 1136 473 1169 veterumque
491 1129 609 1159 oblitus

43 1179 202 1208 honorum
209 1176 261 1207 Ad
270 1186 408 1216 praesepe
418 1177 523 1216 gemit,
535 1186 614 1204 mor-

44 1225 81 1254 bo
96 1224 262 1253 morituras
279 1221 380 1252 inerti.
394 1238 438 1244 —-
451 1228 528 1261 499.
543 1221 612 1250 Vic-

45 1278 94 1299 tor
115 1270 153 1299 ad
169 1269 388 1310 indignitatem
406 1269 452 1296 rei
471 1267 612 1304 additur,

46 1327 119 1345 cum
142 1315 223 1345 nihil
248 1316 277 1345 ei
301 1315 401 1355 prosit
414 1314 524 1343 vicisse
541 1324 613 1342 cur-

46 1373 98 1392 sus
117 1362 295 1392 certamine.
307 1362 421 1390 Fontes
443 1358 610 1396 avertitur,

45 1415 158 1449 potum
186 1413 353 1437 aversatur.
373 1422 419 1428 --
439 1406 515 1436 500.
545 1406 615 1435 Cre-

47 1455 115 1492 bra,
129 1454 242 1484 crebro
252 1476 261 1489 ‚
276 1459 312 1482 ut
327 1453 390 1490 jam
406 1462 498 1492 saepe.
512 1454 614 1481 Incer-

46 1508 95 1530 tus
106 1523 114 1537 ‚
129 1500 184 1540 qui
196 1510 252 1540 per
264 1500 348 1528 vices
359 1521 367 1535 ,
384 1508 450 1528 non
463 1499 554 1527 certis
566 1499 614 1527 in-

47 1547 183 1577 tervallis
195 1545 379 1576 constitutas
392 1544 509 1574 accedit
520 1551 551 1574 et
563 1555 612 1573 re-

48 1592 149 1629 cedit,
173 1593 353 1622 inconstans
364 1613 372 1628 ‚
396 1590 510 1620 ibidem
522 1613 530 1627 ,
555 1591 614 1619 cir-

48 1650 83 1669 ca
97 1649 187 1668 aures
197 1660 205 1673 ‚
222 1638 331 1678 capitis
345 1635 442 1667 sudor
454 1647 462 1674 ;
484 1638 613 1677 signate.

47 1688 171 1715 Lucret.
193 1686 240 1714 VI
251 1707 259 1722 ‚
291 1683 377 1713 1185
388 1705 397 1720 ‚
427 1682 616 1722 Sudorisque

49 1731 180 1761 madens
201 1741 259 1770 per
287 1730 402 1759 collum
431 1728 614 1769 splendidus

49 1776 168 1807 humor.
185 1795 231 1800 -—-
249 1776 324 1806 501.
337 1775 398 1805 Ille
411 1774 538 1815 quidem
553 1786 616 1804 mo-

50 1822 298 1864 rieurisfrigidus
313 1832 353 1851 ex
370 1822 534 1851 notissimo
548 1822 617 1860 qni-

50 1868 68 1896 d
73 1879 121 1898 em
134 1869 335 1908 Hippocratis
356 1867 535 1907 aphorismo
548 1868 596 1896 IV
606 1889 615 1903 ,

53 1916 91 1952 37
114 1913 165 1944 :oi
190 1911 300 1955 ψυχροί
325 1909 470 1955 ἱδρῶτες,
495 1910 544 1948 ξὺν
562 1910 615 1954 μὲν

52 1958 113 1997 ἑξεῖ
128 1962 250 2002 πυρετῷ
273 1957 468 2003 γιγνόμενοι,
487 1957 615 1989 θάνατον

48 2003 240 2048 *mustitano-t.
252 2023 297 2028 —
309 2006 385 2035 502.
400 2005 489 2036 Cutis
504 2011 550 2034 est
562 2006 618 2035 sic-

51 2063 96 2082 ca.
121 2055 249 2083 Ornate.
273 2051 330 2081 Ad
345 2058 483 2088 tactum,
509 2057 614 2087 tactu,

50 2109 123 2128 cum
135 2104 314 2140 tangeretur
324 2120 333 2134 ‚
359 2096 526 2134 tractanti,
547 2103 615 2127 tan-

50 2145 134 2185 genti
151 2167 159 2181 ,
187 2143 359 2174 resistebat.
393 2145 483 2174 Dura
499 2166 508 2181 ‚
540 2142 616 2172 dum

51 2198 134 2220 tenta
153 2201 188 2220 ac
209 2191 288 2220 sicca
313 2197 368 2220 est.
384 2207 430 2213 -——
447 2188 620 2220 Tractandi

661 807 792 837 Mentel.
809 817 856 846 pr.
875 806 927 835 alt.
948 803 1096 835 nottend.
1116 811 1146 833 et
1161 806 1228 834 Me-

662 853 721 883 dic.
747 864 762 882 a
783 864 825 882 m.
841 863 889 891 pr.
908 858 940 880 et
951 857 1103 880 attactum
1123 850 1226 880 Schol.

662 900 767 935 Statii,
784 897 885 929 Theb.
903 900 944 933 V;
960 903 1126 927 attractum
1144 896 1229 925 Leid.

662 956 678 975 a
697 956 738 974 1n.
756 955 804 985 pr.
818 967 826 981 ,
856 955 895 973 ex
919 943 965 972 ad
986 951 1121 979 tactum,
1146 949 1181 971 ut
1198 944 1232 971 in

662 994 817 1022 Romano.
837 991 894 1019 Ad
922 997 1054 1018 tractum
1087 989 1228 1027 Longob.

661 1037 784 1069 Wakef.
813 1037 852 1066 ad
877 1039 1001 1066 Lucret.
1033 1037 1103 1072 VI,
1146 1037 1229 1074 1193

663 1083 785 1114 emend.
815 1090 946 1113 attactu.
969 1099 1015 1104 »-
1045 1082 1120 1111 503.
1150 1081 1231 1111 Huic

662 1130 744 1160 Toll.
771 1130 830 1159 dat
851 1140 935 1159 unus
968 1127 1141 1163 Arundel.,
1173 1138 1230 1157 no-

667 1175 759 1205 tanda
789 1176 882 1205 lectio
898 1187 906 1212 ;
943 1176 986 1204 ita
1015 1174 1053 1203 ad
1084 1174 1232 1203 morbum

668 1223 768 1252 oratio
789 1222 934 1251 refertur.
959 1220 1105 1250 Succedit
1130 1227 1233 1249 tamen

667 1269 746 1298 alius
760 1268 891 1308 pluralis
913 1266 1053 1296 tendunt.

715 1315 790 1349 504.
821 1312 988 1354 Jungenda
1006 1312 1085 1342 :Sin
1110 1311 1142 1340 in
1158 1323 1234 1351 pro-

666 1371 752 1389 cessu
773 1359 867 1400 coepic
886 1359 1068 1388 crudescere
1085 1357 1206 1387 morbus
1220 1370 1232 1392 ,-

667 1405 790 1447 Profiu't
799 1406 912 1435 inserto
924 1406 944 1435 l.
955 1405 1149 1439 crudescere;
1165 1414 1233 1433 cru-

668 1453 738 1482 dior
761 1463 794 1482 ac
819 1453 931 1482 saevior
955 1450 1034 1481 fieri.
1058 1452 1102 1480 Ut
1124 1456 1234 1479 contra

668 1498 839 1534 mitescere,
852 1496 966 1534 moliri,
980 1497 1142 1532 dicuntur,
1155 1506 1220 1536 quo

666 1556 738 1574 rum
760 1545 857 1574 nimia
880 1545 927 1574 vis
954 1543 1164 1573 imminuitur.
1189 1559 1234 1564 —-

669 1591 746 1629 505,
764 1591 1041 1625 506.Lucret.V1‚
1060 1589 1146 1623 1184
1164 1588 1235 1618 Cre-

667 1637 722 1666 ber
731 1636 873 1677 spiritus,
895 1643 952 1666 auc
960 1635 1079 1677 ingens,
1099 1645 1235 1674 raroque

669 1691 800 1713 coortus.
813 1701 858 1706 —-
876 1683 951 1720 507.
974 1681 1120 1711 Tendunt
1133 1692 1164 1710 se
1176 1703 1184 1717 ,
1200 1688 1236 1709 ut

666 1730 730 1767 jam
752 1739 850 1770 saepe3
876 1735 929 1758 aut
955 1727 1089 1757 tendum
1112 1737 1155 1757 sc.
1180 1737 1234 1767 pe-

669 1775 783 1812 eudes,
813 1781 851 1804 ut
874 1774 969 1804 modo
994 1785 1024 1804 v,
1052 1774 1116 1803 503
1143 1772 1233 1802 dant.

668 1823 739 1852 Hoc
764 1822 892 1857 melius,
914 1827 951 1850 ut
966 1830 1052 1849 nunc
1077 1818 1116 1848 ad
1134 1825 1236 1848 totum

670 1878 770 1908 genus
797 1867 922 1903 redeat,
948 1872 1174 1896 armentorum.
1191 1883 1236 1886 —

673 1915 748 1944 508.
766 1912 892 1954 Lingua
908 1923 1022 1952 aspera
1037 1935 1045 1949 ‚
1060 1910 1234 1940 inflamma-

669 1961 756 1990 tione
768 1982 775 1995 ,
789 1958 926 1999 premit,
949 1959 1023 1998 quia
1040 1957 1135 1987 simul
1152 1958 1236 1986 intu-

670 2011 792 2036 muerat
807 2004 862 2046 (ut
878 2004 972 2035 Ovid.
983 2005 1062 2034 Met.
1072 2004 1154 2040 VII,
1170 2002 1237 2032 556

671 2053 795 2091 Aspera
823 2050 937 2091 lingua
961 2048 1101 2090 tumet),
1123 2048 1237 2089 fizuces

672 2098 822 2134 obsessas,
830 2107 885 2126 seu
895 2096 1078 2137 simpliciter
1087 2096 1237 2125 constric-

668 2150 726 2180 tas,
741 2143 926 2172 interclusas
938 2143 1008 2182 ipso
1023 2149 1146 2171 tumore
1158 2164 1166 2179 ,
1183 2151 1237 2170 seu

669 2189 841 2228 ulceribus,
857 2199 926 2229 quae
942 2189 1116 2229 frequentia
1129 2189 1165 2217 in
1176 2187 1237 2217 hoc
