<?xml version="1.0" encoding="UTF-8"?>
<!DOCTYPE html PUBLIC "-//W3C//DTD XHTML 1.0 Transitional//EN"
    "http://www.w3.org/TR/xhtml1/DTD/xhtml1-transitional.dtd">
<html xmlns="http://www.w3.org/1999/xhtml" xml:lang="en" lang="en">
 <head>
  <title>
</title>
<meta http-equiv="Content-Type" content="text/html;charset=utf-8" />
  <meta name='ocr-system' content='tesseract 3.04.00' />
  <meta name='ocr-capabilities' content='ocr_page ocr_carea ocr_par ocr_line ocrx_word'/>
</head>
<body>
  <div class='ocr_page' id='page_1' title='image "./operahey01virguoft_0129.png"; bbox 0 0 1408 2428; ppageno 0'>
   <div class='ocr_carea' id='block_1_1' title="bbox 65 88 1252 198">
    <p class='ocr_par' dir='ltr' id='par_1_1' title="bbox 65 88 1252 198">
     <span class='ocr_line' id='line_1_1' title="bbox 523 88 1252 129; baseline -0.001 -9"><span class='ocrx_word' id='word_1_1' title='bbox 523 88 693 120; x_wconf 79' lang='lat' dir='ltr'><strong>ECLOGA</strong></span> <span class='ocrx_word' id='word_1_2' title='bbox 718 90 790 118; x_wconf 76' lang='lat' dir='ltr'>vu.</span> <span class='ocrx_word' id='word_1_3' title='bbox 1212 91 1252 129; x_wconf 51' lang='grc' dir='ltr'>υ)</span> 
     </span>
     <span class='ocr_line' id='line_1_2' title="bbox 65 146 973 198; baseline -0.004 -10"><span class='ocrx_word' id='word_1_4' title='bbox 65 154 119 188; x_wconf 87' lang='lat' dir='ltr'>Ite</span> <span class='ocrx_word' id='word_1_5' title='bbox 140 150 292 187; x_wconf 86' lang='lat' dir='ltr'>domum</span> <span class='ocrx_word' id='word_1_6' title='bbox 308 148 422 198; x_wconf 83' lang='lat' dir='ltr'>pasti,</span> <span class='ocrx_word' id='word_1_7' title='bbox 438 148 468 185; x_wconf 85' lang='lat' dir='ltr'>si</span> <span class='ocrx_word' id='word_1_8' title='bbox 484 148 567 197; x_wconf 85' lang='lat' dir='ltr'>quis</span> <span class='ocrx_word' id='word_1_9' title='bbox 584 146 728 195; x_wconf 90' lang='lat' dir='ltr'>pudor,</span> <span class='ocrx_word' id='word_1_10' title='bbox 746 147 796 183; x_wconf 83' lang='lat' dir='ltr'>ite</span> <span class='ocrx_word' id='word_1_11' title='bbox 809 148 973 196; x_wconf 78' lang='lat' dir='ltr'>juvenci.</span> 
     </span>
    </p>
   </div>
   <div class='ocr_carea' id='block_1_2' title="bbox 561 226 751 251">
    <p class='ocr_par' dir='ltr' id='par_1_2' title="bbox 561 226 751 251">
     <span class='ocr_line' id='line_1_3' title="bbox 561 226 751 251; baseline 0 -1"><span class='ocrx_word' id='word_1_12' title='bbox 561 226 751 251; x_wconf 79' lang='lat' dir='ltr'>CORYDON-</span> 
     </span>
    </p>
   </div>
   <div class='ocr_carea' id='block_1_3' title="bbox 60 281 1252 513">
    <p class='ocr_par' dir='ltr' id='par_1_3' title="bbox 61 281 1252 392">
     <span class='ocr_line' id='line_1_4' title="bbox 61 281 1252 328; baseline -0.003 -8"><span class='ocrx_word' id='word_1_13' title='bbox 61 283 226 321; x_wconf 86' lang='lat' dir='ltr'>Muscosi</span> <span class='ocrx_word' id='word_1_14' title='bbox 242 284 380 328; x_wconf 83' lang='lat' dir='ltr'>fontes,</span> <span class='ocrx_word' id='word_1_15' title='bbox 397 291 434 319; x_wconf 86' lang='lat' dir='ltr'>et</span> <span class='ocrx_word' id='word_1_16' title='bbox 449 294 580 319; x_wconf 86' lang='lat' dir='ltr'>somno</span> <span class='ocrx_word' id='word_1_17' title='bbox 597 282 747 318; x_wconf 85' lang='lat' dir='ltr'>mollior</span> <span class='ocrx_word' id='word_1_18' title='bbox 762 281 899 328; x_wconf 87' lang='lat' dir='ltr'>herba,</span> <span class='ocrx_word' id='word_1_19' title='bbox 1222 292 1252 318; x_wconf 63' lang='lat'>⁴5</span> 
     </span>
     <span class='ocr_line' id='line_1_5' title="bbox 62 340 987 392; baseline -0.004 -12"><span class='ocrx_word' id='word_1_20' title='bbox 62 346 107 380; x_wconf 89' lang='lat' dir='ltr'>Et</span> <span class='ocrx_word' id='word_1_21' title='bbox 121 357 204 392; x_wconf 85' lang='lat' dir='ltr'>quae</span> <span class='ocrx_word' id='word_1_22' title='bbox 220 355 286 380; x_wconf 83' lang='lat' dir='ltr'>vos</span> <span class='ocrx_word' id='word_1_23' title='bbox 301 355 385 378; x_wconf 84' lang='lat' dir='ltr'>rara</span> <span class='ocrx_word' id='word_1_24' title='bbox 400 341 531 378; x_wconf 80' lang='lat' dir='ltr'>viridis</span> <span class='ocrx_word' id='word_1_25' title='bbox 550 342 640 391; x_wconf 79' lang='lat' dir='ltr'>tegit</span> <span class='ocrx_word' id='word_1_26' title='bbox 657 341 814 378; x_wconf 86' lang='lat' dir='ltr'>arbutus</span> <span class='ocrx_word' id='word_1_27' title='bbox 832 340 966 378; x_wconf 80' lang='lat' dir='ltr'>umbra</span> <span class='ocrx_word' id='word_1_28' title='bbox 978 369 987 385; x_wconf 90' lang='lat'>,</span> 
     </span>
    </p>

    <p class='ocr_par' dir='ltr' id='par_1_4' title="bbox 62 401 972 452">
     <span class='ocr_line' id='line_1_6' title="bbox 62 401 972 452; baseline -0.002 -13"><span class='ocrx_word' id='word_1_29' title='bbox 62 403 269 439; x_wconf 83' lang='lat' dir='ltr'>Solstitium</span> <span class='ocrx_word' id='word_1_30' title='bbox 288 403 416 452; x_wconf 84' lang='lat' dir='ltr'>pecori</span> <span class='ocrx_word' id='word_1_31' title='bbox 433 402 639 447; x_wconf 82' lang='lat' dir='ltr'>defe11dite3</span> <span class='ocrx_word' id='word_1_32' title='bbox 653 402 731 451; x_wconf 86' lang='lat' dir='ltr'>jam</span> <span class='ocrx_word' id='word_1_33' title='bbox 746 401 850 437; x_wconf 87' lang='lat' dir='ltr'>venit</span> <span class='ocrx_word' id='word_1_34' title='bbox 867 410 972 438; x_wconf 83' lang='lat' dir='ltr'>aestas</span> 
     </span>
    </p>

    <p class='ocr_par' dir='ltr' id='par_1_5' title="bbox 60 462 999 513">
     <span class='ocr_line' id='line_1_7' title="bbox 60 462 999 513; baseline -0.003 -15"><span class='ocrx_word' id='word_1_35' title='bbox 60 462 237 508; x_wconf 84' lang='lat' dir='ltr'>Torrida,</span> <span class='ocrx_word' id='word_1_36' title='bbox 249 464 326 513; x_wconf 86' lang='lat' dir='ltr'>jam</span> <span class='ocrx_word' id='word_1_37' title='bbox 341 463 425 499; x_wconf 88' lang='lat' dir='ltr'>laeto</span> <span class='ocrx_word' id='word_1_38' title='bbox 442 470 592 511; x_wconf 78' lang='lat' dir='ltr'>turgent</span> <span class='ocrx_word' id='word_1_39' title='bbox 607 462 645 497; x_wconf 87' lang='lat' dir='ltr'>in</span> <span class='ocrx_word' id='word_1_40' title='bbox 664 462 816 510; x_wconf 84' lang='lat' dir='ltr'>palmite</span> <span class='ocrx_word' id='word_1_41' title='bbox 834 473 999 510; x_wconf 84' lang='lat' dir='ltr'>gemmae.</span> 
     </span>
    </p>
   </div>
   <div class='ocr_carea' id='block_1_4' title="bbox 573 541 743 565">
    <p class='ocr_par' dir='ltr' id='par_1_6' title="bbox 573 541 743 565">
     <span class='ocr_line' id='line_1_8' title="bbox 573 541 743 565; baseline 0.006 -2"><span class='ocrx_word' id='word_1_42' title='bbox 573 541 743 565; x_wconf 84' lang='lat' dir='ltr'>THYRSIS.</span> 
     </span>
    </p>
   </div>
   <div class='ocr_carea' id='block_1_5' title="bbox 61 595 1251 706">
    <p class='ocr_par' dir='ltr' id='par_1_7' title="bbox 61 595 1251 706">
     <span class='ocr_line' id='line_1_9' title="bbox 62 595 1029 645; baseline -0.003 -11"><span class='ocrx_word' id='word_1_43' title='bbox 62 597 132 634; x_wconf 87' lang='lat' dir='ltr'>Hic</span> <span class='ocrx_word' id='word_1_44' title='bbox 149 598 270 642; x_wconf 83' lang='lat' dir='ltr'>focus,</span> <span class='ocrx_word' id='word_1_45' title='bbox 286 606 321 633; x_wconf 90' lang='lat' dir='ltr'>et</span> <span class='ocrx_word' id='word_1_46' title='bbox 340 596 443 632; x_wconf 83' lang='lat' dir='ltr'>taedae</span> <span class='ocrx_word' id='word_1_47' title='bbox 461 596 635 645; x_wconf 84' lang='lat' dir='ltr'>pingues,</span> <span class='ocrx_word' id='word_1_48' title='bbox 653 596 714 632; x_wconf 85' lang='lat' dir='ltr'>hic</span> <span class='ocrx_word' id='word_1_49' title='bbox 733 595 915 645; x_wconf 82' lang='lat' dir='ltr'>plurimus</span> <span class='ocrx_word' id='word_1_50' title='bbox 936 595 1029 644; x_wconf 79' lang='lat' dir='ltr'>ignis</span> 
     </span>
     <span class='ocr_line' id='line_1_10' title="bbox 61 655 1251 706; baseline -0.003 -13"><span class='ocrx_word' id='word_1_51' title='bbox 61 658 235 706; x_wconf 80' lang='lat' dir='ltr'><strong>Semper,</strong></span> <span class='ocrx_word' id='word_1_52' title='bbox 253 665 289 692; x_wconf 86' lang='lat' dir='ltr'>et</span> <span class='ocrx_word' id='word_1_53' title='bbox 305 655 461 692; x_wconf 79' lang='lat' dir='ltr'>adsidua</span> <span class='ocrx_word' id='word_1_54' title='bbox 481 664 606 704; x_wconf 85' lang='lat' dir='ltr'>postes</span> <span class='ocrx_word' id='word_1_55' title='bbox 626 655 782 705; x_wconf 77' lang='lat' dir='ltr'>fuligine</span> <span class='ocrx_word' id='word_1_56' title='bbox 799 655 908 704; x_wconf 81' lang='lat' dir='ltr'><strong>nigri.</strong></span> <span class='ocrx_word' id='word_1_57' title='bbox 1222 665 1251 686; x_wconf 70' lang='lat'>⁵0</span> 
     </span>
    </p>
   </div>
   <div class='ocr_carea' id='block_1_6' title="bbox 62 717 1076 825">
    <p class='ocr_par' dir='ltr' id='par_1_8' title="bbox 62 717 1076 825">
     <span class='ocr_line' id='line_1_11' title="bbox 62 717 1013 766; baseline -0.002 -13"><span class='ocrx_word' id='word_1_58' title='bbox 62 717 133 753; x_wconf 89' lang='lat' dir='ltr'>Hic</span> <span class='ocrx_word' id='word_1_59' title='bbox 149 725 291 753; x_wconf 86' lang='lat' dir='ltr'>tantum</span> <span class='ocrx_word' id='word_1_60' title='bbox 307 720 435 753; x_wconf 85' lang='lat' dir='ltr'>Boreae</span> <span class='ocrx_word' id='word_1_61' title='bbox 456 730 629 753; x_wconf 79' lang='lat' dir='ltr'>curamus</span> <span class='ocrx_word' id='word_1_62' title='bbox 647 717 787 766; x_wconf 80' lang='lat' dir='ltr'>frigora</span> <span class='ocrx_word' id='word_1_63' title='bbox 800 745 809 762; x_wconf 96' lang='lat'>,</span> <span class='ocrx_word' id='word_1_64' title='bbox 832 725 1013 765; x_wconf 85' lang='lat' dir='ltr'>quantum</span> 
     </span>
     <span class='ocr_line' id='line_1_12' title="bbox 64 775 1076 825; baseline -0.002 -14"><span class='ocrx_word' id='word_1_65' title='bbox 64 779 138 811; x_wconf 68' lang='lat' dir='ltr'>Aut</span> <span class='ocrx_word' id='word_1_66' title='bbox 154 788 351 812; x_wconf 85' lang='lat' dir='ltr'>numerum</span> <span class='ocrx_word' id='word_1_67' title='bbox 367 776 497 825; x_wconf 81' lang='lat' dir='ltr'>lupus,</span> <span class='ocrx_word' id='word_1_68' title='bbox 514 784 578 811; x_wconf 87' lang='lat' dir='ltr'>aut</span> <span class='ocrx_word' id='word_1_69' title='bbox 596 776 778 811; x_wconf 79' lang='lat' dir='ltr'>torrentia</span> <span class='ocrx_word' id='word_1_70' title='bbox 795 775 949 810; x_wconf 82' lang='lat' dir='ltr'>flumina</span> <span class='ocrx_word' id='word_1_71' title='bbox 966 775 1076 822; x_wconf 79' lang='lat' dir='ltr'>ripas.</span> 
     </span>
    </p>
   </div>
   <div class='ocr_carea' id='block_1_7' title="bbox 50 913 633 2245">
    <p class='ocr_par' dir='ltr' id='par_1_9' title="bbox 61 913 632 1223">
     <span class='ocr_line' id='line_1_13' title="bbox 63 913 632 953; baseline 0 -6"><span class='ocrx_word' id='word_1_72' title='bbox 63 921 97 948; x_wconf 87' lang='lat' dir='ltr'>in</span> <span class='ocrx_word' id='word_1_73' title='bbox 111 918 166 948; x_wconf 86' lang='lat' dir='ltr'>illo</span> <span class='ocrx_word' id='word_1_74' title='bbox 182 917 339 948; x_wconf 86' lang='lat' dir='ltr'>Theocrit.</span> <span class='ocrx_word' id='word_1_75' title='bbox 356 918 429 953; x_wconf 83' lang='lat' dir='ltr'>XII,</span> <span class='ocrx_word' id='word_1_76' title='bbox 451 928 468 946; x_wconf 79' lang='lat'><strong>2</strong></span> <span class='ocrx_word' id='word_1_77' title='bbox 487 915 513 946; x_wconf 68' lang='grc' dir='ltr'>’,ἱ</span> <span class='ocrx_word' id='word_1_78' title='bbox 529 913 563 947; x_wconf 61' lang='grc' dir='ltr'>δὲ</span> <span class='ocrx_word' id='word_1_79' title='bbox 578 927 632 947; x_wconf 66' lang='grc' dir='ltr'>πο-</span> 
     </span>
     <span class='ocr_line' id='line_1_14' title="bbox 64 961 631 1006; baseline 0 -13"><span class='ocrx_word' id='word_1_80' title='bbox 64 966 179 998; x_wconf 63' lang='lat' dir='ltr'>estne-:23</span> <span class='ocrx_word' id='word_1_81' title='bbox 203 962 230 992; x_wconf 82' lang='grc' dir='ltr'>ἐν</span> <span class='ocrx_word' id='word_1_82' title='bbox 252 967 342 1005; x_wconf 64' lang='grc' dir='ltr'>’ἤματι</span> <span class='ocrx_word' id='word_1_83' title='bbox 359 961 559 1006; x_wconf 69' lang='grc' dir='ltr'>γηράσκωσι.</span> <span class='ocrx_word' id='word_1_84' title='bbox 586 982 631 986; x_wconf 83' lang='lat'>——</span> 
     </span>
     <span class='ocr_line' id='line_1_15' title="bbox 66 1008 632 1050; baseline 0.005 -13"><span class='ocrx_word' id='word_1_85' title='bbox 66 1016 118 1045; x_wconf 69' lang='grc'>44.</span> <span class='ocrx_word' id='word_1_86' title='bbox 134 1009 169 1038; x_wconf 87' lang='lat' dir='ltr'>Si</span> <span class='ocrx_word' id='word_1_87' title='bbox 190 1008 258 1049; x_wconf 80' lang='lat' dir='ltr'>quis</span> <span class='ocrx_word' id='word_1_88' title='bbox 275 1009 402 1049; x_wconf 78' lang='lat' dir='ltr'>pudor:</span> <span class='ocrx_word' id='word_1_89' title='bbox 414 1011 554 1050; x_wconf 85' lang='lat' dir='ltr'>increpat</span> <span class='ocrx_word' id='word_1_90' title='bbox 574 1010 632 1040; x_wconf 82' lang='lat' dir='ltr'>bo-</span> 
     </span>
     <span class='ocr_line' id='line_1_16' title="bbox 63 1055 629 1096; baseline 0.002 -12"><span class='ocrx_word' id='word_1_91' title='bbox 63 1067 129 1093; x_wconf 77' lang='lat' dir='ltr'>ves,</span> <span class='ocrx_word' id='word_1_92' title='bbox 147 1057 235 1095; x_wconf 81' lang='lat' dir='ltr'>quasi</span> <span class='ocrx_word' id='word_1_93' title='bbox 253 1055 348 1091; x_wconf 85' lang='lat' dir='ltr'>dicat,</span> <span class='ocrx_word' id='word_1_94' title='bbox 359 1055 477 1085; x_wconf 72' lang='lat' dir='ltr'>Pudeat</span> <span class='ocrx_word' id='word_1_95' title='bbox 490 1067 545 1085; x_wconf 82' lang='lat' dir='ltr'>vos</span> <span class='ocrx_word' id='word_1_96' title='bbox 562 1067 629 1096; x_wconf 80' lang='lat' dir='ltr'>pas-</span> 
     </span>
     <span class='ocr_line' id='line_1_17' title="bbox 62 1101 629 1141; baseline 0.002 -11"><span class='ocrx_word' id='word_1_97' title='bbox 62 1109 110 1131; x_wconf 86' lang='lat' dir='ltr'>tos</span> <span class='ocrx_word' id='word_1_98' title='bbox 127 1109 188 1131; x_wconf 83' lang='lat' dir='ltr'>tam</span> <span class='ocrx_word' id='word_1_99' title='bbox 203 1101 288 1131; x_wconf 86' lang='lat' dir='ltr'>tarde</span> <span class='ocrx_word' id='word_1_100' title='bbox 303 1101 432 1130; x_wconf 88' lang='lat' dir='ltr'>domum</span> <span class='ocrx_word' id='word_1_101' title='bbox 449 1102 629 1141; x_wconf 72' lang='lat' dir='ltr'>procedere,</span> 
     </span>
     <span class='ocr_line' id='line_1_18' title="bbox 62 1147 631 1188; baseline 0.002 -11"><span class='ocrx_word' id='word_1_102' title='bbox 62 1154 93 1177; x_wconf 86' lang='lat' dir='ltr'>et</span> <span class='ocrx_word' id='word_1_103' title='bbox 109 1158 158 1177; x_wconf 87' lang='lat' dir='ltr'>me</span> <span class='ocrx_word' id='word_1_104' title='bbox 183 1147 221 1177; x_wconf 77' lang='lat' dir='ltr'>ab</span> <span class='ocrx_word' id='word_1_105' title='bbox 243 1148 350 1177; x_wconf 81' lang='lat' dir='ltr'>amica:</span> <span class='ocrx_word' id='word_1_106' title='bbox 372 1148 520 1188; x_wconf 74' lang='lat' dir='ltr'>amplexu</span> <span class='ocrx_word' id='word_1_107' title='bbox 544 1148 631 1178; x_wconf 79' lang='lat' dir='ltr'>disti-</span> 
     </span>
     <span class='ocr_line' id='line_1_19' title="bbox 61 1204 145 1223; baseline 0 -1"><span class='ocrx_word' id='word_1_108' title='bbox 61 1204 145 1223; x_wconf 85' lang='lat' dir='ltr'>nere.</span> 
     </span>
    </p>

    <p class='ocr_par' dir='ltr' id='par_1_10' title="bbox 50 1239 633 2245">
     <span class='ocr_line' id='line_1_20' title="bbox 106 1239 628 1280; baseline 0.004 -12"><span class='ocrx_word' id='word_1_109' title='bbox 106 1240 159 1275; x_wconf 87' lang='grc'>45.</span> <span class='ocrx_word' id='word_1_110' title='bbox 187 1239 320 1269; x_wconf 83' lang='lat' dir='ltr'>Felicior</span> <span class='ocrx_word' id='word_1_111' title='bbox 333 1239 394 1268; x_wconf 82' lang='lat' dir='ltr'>fuit</span> <span class='ocrx_word' id='word_1_112' title='bbox 409 1247 501 1280; x_wconf 76' lang='lat' dir='ltr'>poeta</span> <span class='ocrx_word' id='word_1_113' title='bbox 517 1242 550 1269; x_wconf 89' lang='lat' dir='ltr'>in</span> <span class='ocrx_word' id='word_1_114' title='bbox 566 1239 628 1270; x_wconf 91' lang='lat' dir='ltr'>hoc</span> 
     </span>
     <span class='ocr_line' id='line_1_21' title="bbox 58 1285 630 1327; baseline 0.003 -13"><span class='ocrx_word' id='word_1_115' title='bbox 58 1292 89 1315; x_wconf 89' lang='lat' dir='ltr'>et</span> <span class='ocrx_word' id='word_1_116' title='bbox 106 1285 203 1314; x_wconf 87' lang='lat' dir='ltr'>altero</span> <span class='ocrx_word' id='word_1_117' title='bbox 223 1285 402 1315; x_wconf 88' lang='lat' dir='ltr'>tetrasticho</span> <span class='ocrx_word' id='word_1_118' title='bbox 418 1296 425 1316; x_wconf 87' lang='lat'>:</span> <span class='ocrx_word' id='word_1_119' title='bbox 442 1286 519 1316; x_wconf 85' lang='lat' dir='ltr'>alter</span> <span class='ocrx_word' id='word_1_120' title='bbox 532 1287 630 1327; x_wconf 84' lang='lat' dir='ltr'>frigus</span> 
     </span>
     <span class='ocr_line' id='line_1_22' title="bbox 58 1331 630 1372; baseline 0.003 -12"><span class='ocrx_word' id='word_1_121' title='bbox 58 1338 89 1361; x_wconf 89' lang='lat' dir='ltr'>et</span> <span class='ocrx_word' id='word_1_122' title='bbox 102 1331 247 1360; x_wconf 84' lang='lat' dir='ltr'>umbram</span> <span class='ocrx_word' id='word_1_123' title='bbox 263 1342 319 1372; x_wconf 87' lang='lat' dir='ltr'>per</span> <span class='ocrx_word' id='word_1_124' title='bbox 343 1333 487 1361; x_wconf 84' lang='lat' dir='ltr'>aestivum</span> <span class='ocrx_word' id='word_1_125' title='bbox 508 1340 630 1372; x_wconf 88' lang='lat' dir='ltr'>tempus</span> 
     </span>
     <span class='ocr_line' id='line_1_23' title="bbox 58 1376 631 1414; baseline 0.003 -9"><span class='ocrx_word' id='word_1_126' title='bbox 58 1376 174 1414; x_wconf 78' lang='lat' dir='ltr'>laudat,</span> <span class='ocrx_word' id='word_1_127' title='bbox 191 1377 267 1407; x_wconf 87' lang='lat' dir='ltr'>alter</span> <span class='ocrx_word' id='word_1_128' title='bbox 281 1378 389 1408; x_wconf 75' lang='lat' dir='ltr'>focum</span> <span class='ocrx_word' id='word_1_129' title='bbox 404 1378 540 1408; x_wconf 88' lang='lat' dir='ltr'>hiberno</span> <span class='ocrx_word' id='word_1_130' title='bbox 556 1386 631 1408; x_wconf 86' lang='lat' dir='ltr'>tem-</span> 
     </span>
     <span class='ocr_line' id='line_1_24' title="bbox 58 1422 632 1462; baseline 0.003 -11"><span class='ocrx_word' id='word_1_131' title='bbox 58 1433 145 1462; x_wconf 85' lang='lat' dir='ltr'>pore.</span> <span class='ocrx_word' id='word_1_132' title='bbox 174 1424 292 1452; x_wconf 85' lang='lat' dir='ltr'>Somno</span> <span class='ocrx_word' id='word_1_133' title='bbox 315 1422 442 1452; x_wconf 80' lang='lat' dir='ltr'>mollior</span> <span class='ocrx_word' id='word_1_134' title='bbox 458 1423 572 1461; x_wconf 76' lang='lat' dir='ltr'>herba,</span> <span class='ocrx_word' id='word_1_135' title='bbox 590 1434 632 1453; x_wconf 80' lang='lat' dir='ltr'>ex</span> 
     </span>
     <span class='ocr_line' id='line_1_25' title="bbox 59 1468 630 1509; baseline 0.004 -12"><span class='ocrx_word' id='word_1_136' title='bbox 59 1468 193 1498; x_wconf 89' lang='lat' dir='ltr'>Theoer.</span> <span class='ocrx_word' id='word_1_137' title='bbox 209 1479 393 1508; x_wconf 77' lang='lat' dir='ltr'>expressum</span> <span class='ocrx_word' id='word_1_138' title='bbox 411 1468 504 1509; x_wconf 71' lang='lat' dir='ltr'>Idyll.</span> <span class='ocrx_word' id='word_1_139' title='bbox 515 1472 555 1505; x_wconf 90' lang='lat' dir='ltr'>V,</span> <span class='ocrx_word' id='word_1_140' title='bbox 577 1470 630 1499; x_wconf 83' lang='lat'>50.</span> 
     </span>
     <span class='ocr_line' id='line_1_26' title="bbox 61 1511 632 1556; baseline 0.004 -14"><span class='ocrx_word' id='word_1_141' title='bbox 61 1511 138 1556; x_wconf 77' lang='grc' dir='ltr'>εἴρια.</span> <span class='ocrx_word' id='word_1_142' title='bbox 166 1512 250 1544; x_wconf 81' lang='grc' dir='ltr'>ὕπνω</span> <span class='ocrx_word' id='word_1_143' title='bbox 274 1512 497 1556; x_wconf 63' lang='grc' dir='ltr'>μαλακώτερα.</span> <span class='ocrx_word' id='word_1_144' title='bbox 524 1513 632 1548; x_wconf 81' lang='grc' dir='ltr'><strong>Τοίπη-</strong></span> 
     </span>
     <span class='ocr_line' id='line_1_27' title="bbox 60 1557 629 1603; baseline 0.004 -15"><span class='ocrx_word' id='word_1_145' title='bbox 60 1570 107 1594; x_wconf 82' lang='grc' dir='ltr'>τες</span> <span class='ocrx_word' id='word_1_146' title='bbox 127 1557 212 1590; x_wconf 81' lang='grc' dir='ltr'>ὕπνω</span> <span class='ocrx_word' id='word_1_147' title='bbox 232 1559 452 1603; x_wconf 59' lang='grc' dir='ltr'>μαλακώτερον.</span> <span class='ocrx_word' id='word_1_148' title='bbox 467 1563 539 1597; x_wconf 79' lang='lat' dir='ltr'>XV,</span> <span class='ocrx_word' id='word_1_149' title='bbox 556 1562 629 1590; x_wconf 85' lang='lat'>125.</span> 
     </span>
     <span class='ocr_line' id='line_1_28' title="bbox 60 1605 632 1646; baseline 0.002 -11"><span class='ocrx_word' id='word_1_150' title='bbox 60 1606 98 1635; x_wconf 85' lang='lat' dir='ltr'>cf.</span> <span class='ocrx_word' id='word_1_151' title='bbox 120 1605 223 1636; x_wconf 80' lang='lat' dir='ltr'>Walk.</span> <span class='ocrx_word' id='word_1_152' title='bbox 249 1617 281 1646; x_wconf 90' lang='lat' dir='ltr'>p.</span> <span class='ocrx_word' id='word_1_153' title='bbox 315 1606 391 1643; x_wconf 82' lang='grc'><strong>405,</strong></span> <span class='ocrx_word' id='word_1_154' title='bbox 420 1607 496 1642; x_wconf 85' lang='grc'><strong>406.</strong></span> <span class='ocrx_word' id='word_1_155' title='bbox 524 1607 632 1636; x_wconf 61' lang='lat' dir='ltr'>ssIollt&#39;s</span> 
     </span>
     <span class='ocr_line' id='line_1_29' title="bbox 59 1652 631 1693; baseline 0.003 -13"><span class='ocrx_word' id='word_1_156' title='bbox 59 1662 186 1681; x_wconf 81' lang='lat' dir='ltr'>somnus</span> <span class='ocrx_word' id='word_1_157' title='bbox 212 1652 347 1681; x_wconf 84' lang='lat' dir='ltr'>sollenni</span> <span class='ocrx_word' id='word_1_158' title='bbox 373 1652 470 1693; x_wconf 86' lang='lat' dir='ltr'>epith.</span> <span class='ocrx_word' id='word_1_159' title='bbox 503 1653 563 1683; x_wconf 86' lang='lat' dir='ltr'>Ge.&#39;</span> <span class='ocrx_word' id='word_1_160' title='bbox 588 1655 631 1690; x_wconf 88' lang='lat' dir='ltr'>II,</span> 
     </span>
     <span class='ocr_line' id='line_1_30' title="bbox 62 1697 631 1736; baseline 0.002 -9"><span class='ocrx_word' id='word_1_161' title='bbox 62 1705 139 1736; x_wconf 82' lang='grc'><strong>470,</strong></span> <span class='ocrx_word' id='word_1_162' title='bbox 153 1708 220 1727; x_wconf 88' lang='lat' dir='ltr'>nou</span> <span class='ocrx_word' id='word_1_163' title='bbox 235 1699 341 1727; x_wconf 88' lang='lat' dir='ltr'>minus</span> <span class='ocrx_word' id='word_1_164' title='bbox 356 1709 391 1728; x_wconf 81' lang='lat' dir='ltr'>ac</span> <span class='ocrx_word' id='word_1_165' title='bbox 401 1697 505 1728; x_wconf 81' lang='lat' dir='ltr'>mollis</span> <span class='ocrx_word' id='word_1_166' title='bbox 517 1698 631 1736; x_wconf 77' lang='lat' dir='ltr'>herba,-</span> 
     </span>
     <span class='ocr_line' id='line_1_31' title="bbox 59 1743 633 1784; baseline 0.003 -11"><span class='ocrx_word' id='word_1_167' title='bbox 59 1743 135 1773; x_wconf 84' lang='lat' dir='ltr'>hinc</span> <span class='ocrx_word' id='word_1_168' title='bbox 154 1746 345 1784; x_wconf 84' lang='lat' dir='ltr'>comparatio</span> <span class='ocrx_word' id='word_1_169' title='bbox 364 1745 469 1775; x_wconf 85' lang='lat' dir='ltr'>ducta.</span> <span class='ocrx_word' id='word_1_170' title='bbox 485 1746 633 1776; x_wconf 87' lang='lat' dir='ltr'>Ceterum</span> 
     </span>
     <span class='ocr_line' id='line_1_32' title="bbox 61 1790 632 1825; baseline 0.005 -6"><span class='ocrx_word' id='word_1_171' title='bbox 61 1800 91 1819; x_wconf 78' lang='lat' dir='ltr'>v,</span> <span class='ocrx_word' id='word_1_172' title='bbox 112 1790 154 1825; x_wconf 82' lang='lat'>45</span> <span class='ocrx_word' id='word_1_173' title='bbox 169 1808 215 1813; x_wconf 90' lang='lat'>—-</span> <span class='ocrx_word' id='word_1_174' title='bbox 231 1791 274 1820; x_wconf 86' lang='lat'>60</span> <span class='ocrx_word' id='word_1_175' title='bbox 291 1801 365 1820; x_wconf 93' lang='lat' dir='ltr'>cum</span> <span class='ocrx_word' id='word_1_176' title='bbox 381 1791 550 1822; x_wconf 88' lang='lat' dir='ltr'>Theocrito</span> <span class='ocrx_word' id='word_1_177' title='bbox 567 1803 632 1822; x_wconf 83' lang='lat' dir='ltr'>cer-</span> 
     </span>
     <span class='ocr_line' id='line_1_33' title="bbox 62 1836 630 1878; baseline 0.007 -14"><span class='ocrx_word' id='word_1_178' title='bbox 62 1837 139 1864; x_wconf 75' lang='lat' dir='ltr'>tavit</span> <span class='ocrx_word' id='word_1_179' title='bbox 155 1836 248 1877; x_wconf 83' lang='lat' dir='ltr'>Idyll.</span> <span class='ocrx_word' id='word_1_180' title='bbox 259 1838 348 1872; x_wconf 85' lang='lat' dir='ltr'>VIII,</span> <span class='ocrx_word' id='word_1_181' title='bbox 371 1838 411 1867; x_wconf 81' lang='lat'>33</span> <span class='ocrx_word' id='word_1_182' title='bbox 428 1849 497 1878; x_wconf 86' lang='lat' dir='ltr'>sqq.</span> <span class='ocrx_word' id='word_1_183' title='bbox 517 1855 562 1861; x_wconf 91' lang='lat'>—-</span> <span class='ocrx_word' id='word_1_184' title='bbox 578 1839 630 1874; x_wconf 86' lang='grc'>46.</span> 
     </span>
     <span class='ocr_line' id='line_1_34' title="bbox 62 1881 632 1920; baseline 0.007 -10"><span class='ocrx_word' id='word_1_185' title='bbox 62 1881 218 1918; x_wconf 81' lang='lat' dir='ltr'>Arbutus,</span> <span class='ocrx_word' id='word_1_186' title='bbox 233 1894 263 1912; x_wconf 87' lang='lat' dir='ltr'>v.</span> <span class='ocrx_word' id='word_1_187' title='bbox 284 1882 322 1911; x_wconf 80' lang='lat' dir='ltr'>ad</span> <span class='ocrx_word' id='word_1_188' title='bbox 340 1883 406 1913; x_wconf 87' lang='lat' dir='ltr'>Ecl.</span> <span class='ocrx_word' id='word_1_189' title='bbox 426 1885 485 1920; x_wconf 89' lang='grc' dir='ltr'><strong>ΙΙΙ,</strong></span> <span class='ocrx_word' id='word_1_190' title='bbox 503 1885 556 1914; x_wconf 86' lang='lat'>82.</span> <span class='ocrx_word' id='word_1_191' title='bbox 568 1886 632 1914; x_wconf 82' lang='lat' dir='ltr'>Ra-</span> 
     </span>
     <span class='ocr_line' id='line_1_35' title="bbox 62 1928 633 1964; baseline 0.007 -9"><span class='ocrx_word' id='word_1_192' title='bbox 62 1938 99 1955; x_wconf 82' lang='lat' dir='ltr'>ra</span> <span class='ocrx_word' id='word_1_193' title='bbox 108 1937 183 1956; x_wconf 85' lang='lat' dir='ltr'>vero</span> <span class='ocrx_word' id='word_1_194' title='bbox 195 1928 314 1964; x_wconf 82' lang='lat' dir='ltr'>umbra,</span> <span class='ocrx_word' id='word_1_195' title='bbox 327 1936 381 1958; x_wconf 85' lang='lat' dir='ltr'>aut</span> <span class='ocrx_word' id='word_1_196' title='bbox 392 1936 430 1958; x_wconf 89' lang='lat' dir='ltr'>ut</span> <span class='ocrx_word' id='word_1_197' title='bbox 438 1929 476 1958; x_wconf 85' lang='lat' dir='ltr'>ad</span> <span class='ocrx_word' id='word_1_198' title='bbox 489 1935 633 1959; x_wconf 85' lang='lat' dir='ltr'>naturam</span> 
     </span>
     <span class='ocr_line' id='line_1_36' title="bbox 63 1972 632 2010; baseline 0.007 -9"><span class='ocrx_word' id='word_1_199' title='bbox 63 1972 183 2002; x_wconf 85' lang='lat' dir='ltr'>arboris</span> <span class='ocrx_word' id='word_1_200' title='bbox 209 1972 355 2010; x_wconf 86' lang='lat' dir='ltr'>humilis,</span> <span class='ocrx_word' id='word_1_201' title='bbox 374 1985 433 2004; x_wconf 90' lang='lat' dir='ltr'>nec</span> <span class='ocrx_word' id='word_1_202' title='bbox 462 1975 632 2005; x_wconf 80' lang='lat' dir='ltr'>admodum</span> 
     </span>
     <span class='ocr_line' id='line_1_37' title="bbox 62 2020 633 2061; baseline 0.007 -14"><span class='ocrx_word' id='word_1_203' title='bbox 62 2020 196 2058; x_wconf 85' lang='lat' dir='ltr'>patentis</span> <span class='ocrx_word' id='word_1_204' title='bbox 210 2021 405 2059; x_wconf 82' lang='lat' dir='ltr'>respiciatur,</span> <span class='ocrx_word' id='word_1_205' title='bbox 424 2029 477 2050; x_wconf 91' lang='lat' dir='ltr'>aut</span> <span class='ocrx_word' id='word_1_206' title='bbox 489 2032 548 2061; x_wconf 89' lang='lat' dir='ltr'>pro</span> <span class='ocrx_word' id='word_1_207' title='bbox 559 2023 633 2051; x_wconf 85' lang='lat' dir='ltr'>anni</span> 
     </span>
     <span class='ocr_line' id='line_1_38' title="bbox 63 2066 630 2104; baseline 0.005 -11"><span class='ocrx_word' id='word_1_208' title='bbox 63 2071 214 2104; x_wconf 85' lang='lat' dir='ltr'>tempore,</span> <span class='ocrx_word' id='word_1_209' title='bbox 230 2076 340 2103; x_wconf 83' lang='lat' dir='ltr'>verno,</span> <span class='ocrx_word' id='word_1_210' title='bbox 357 2066 494 2096; x_wconf 84' lang='lat' dir='ltr'>necdum</span> <span class='ocrx_word' id='word_1_211' title='bbox 504 2067 630 2104; x_wconf 79' lang='lat' dir='ltr'>adulto;</span> 
     </span>
     <span class='ocr_line' id='line_1_39' title="bbox 64 2111 632 2152; baseline 0.005 -12"><span class='ocrx_word' id='word_1_212' title='bbox 64 2118 128 2147; x_wconf 87' lang='lat' dir='ltr'>aut,</span> <span class='ocrx_word' id='word_1_213' title='bbox 142 2111 229 2151; x_wconf 85' lang='lat' dir='ltr'>quod</span> <span class='ocrx_word' id='word_1_214' title='bbox 247 2119 373 2152; x_wconf 72' lang='lat' dir='ltr'>praestat</span> <span class='ocrx_word' id='word_1_215' title='bbox 384 2135 392 2149; x_wconf 94' lang='lat'>,</span> <span class='ocrx_word' id='word_1_216' title='bbox 409 2119 446 2142; x_wconf 92' lang='lat' dir='ltr'>ut</span> <span class='ocrx_word' id='word_1_217' title='bbox 470 2124 545 2142; x_wconf 80' lang='lat' dir='ltr'>rara</span> <span class='ocrx_word' id='word_1_218' title='bbox 565 2124 632 2143; x_wconf 85' lang='lat' dir='ltr'>non</span> 
     </span>
     <span class='ocr_line' id='line_1_40' title="bbox 50 2157 633 2199; baseline 0.007 -14"><span class='ocrx_word' id='word_1_219' title='bbox 50 2157 240 2198; x_wconf 68' lang='lat' dir='ltr'>,urgendum</span> <span class='ocrx_word' id='word_1_220' title='bbox 259 2160 308 2195; x_wconf 87' lang='lat' dir='ltr'>sit,</span> <span class='ocrx_word' id='word_1_221' title='bbox 325 2159 488 2199; x_wconf 83' lang='lat' dir='ltr'>epitheton</span> <span class='ocrx_word' id='word_1_222' title='bbox 505 2166 633 2189; x_wconf 83' lang='lat' dir='ltr'>ornatus</span> 
     </span>
     <span class='ocr_line' id='line_1_41' title="bbox 64 2206 633 2245; baseline 0.007 -14"><span class='ocrx_word' id='word_1_223' title='bbox 64 2213 169 2232; x_wconf 80' lang='lat' dir='ltr'>caussa</span> <span class='ocrx_word' id='word_1_224' title='bbox 183 2206 359 2244; x_wconf 83' lang='lat' dir='ltr'>appositum</span> <span class='ocrx_word' id='word_1_225' title='bbox 372 2228 379 2234; x_wconf 92' lang='lat'>.</span> <span class='ocrx_word' id='word_1_226' title='bbox 397 2216 434 2235; x_wconf 79' lang='lat' dir='ltr'>ex</span> <span class='ocrx_word' id='word_1_227' title='bbox 450 2207 548 2245; x_wconf 86' lang='lat' dir='ltr'>ipsius</span> <span class='ocrx_word' id='word_1_228' title='bbox 565 2217 633 2235; x_wconf 83' lang='lat' dir='ltr'>um-</span> 
     </span>
    </p>
   </div>
   <div class='ocr_carea' id='block_1_8' title="bbox 682 916 1257 2247">
    <p class='ocr_par' dir='ltr' id='par_1_11' title="bbox 682 916 1257 2247">
     <span class='ocr_line' id='line_1_42' title="bbox 682 916 1256 957; baseline 0.003 -11"><span class='ocrx_word' id='word_1_229' title='bbox 682 917 934 954; x_wconf 78' lang='lat' dir='ltr'>brae,imervallis</span> <span class='ocrx_word' id='word_1_230' title='bbox 943 916 1097 947; x_wconf 65' lang='lat' dir='ltr'>distinctae</span> <span class='ocrx_word' id='word_1_231' title='bbox 1106 928 1162 957; x_wconf 80' lang='lat' dir='ltr'>per</span> <span class='ocrx_word' id='word_1_232' title='bbox 1172 918 1256 948; x_wconf 82' lang='lat' dir='ltr'>fron·</span> 
     </span>
     <span class='ocr_line' id='line_1_43' title="bbox 685 963 1253 1002; baseline 0.002 -10"><span class='ocrx_word' id='word_1_233' title='bbox 685 963 748 1000; x_wconf 82' lang='lat' dir='ltr'>des,</span> <span class='ocrx_word' id='word_1_234' title='bbox 763 970 885 999; x_wconf 83' lang='lat' dir='ltr'>natura,</span> <span class='ocrx_word' id='word_1_235' title='bbox 897 970 933 992; x_wconf 91' lang='lat' dir='ltr'>ut</span> <span class='ocrx_word' id='word_1_236' title='bbox 948 963 1013 993; x_wconf 70' lang='lat' dir='ltr'>Ecl.</span> <span class='ocrx_word' id='word_1_237' title='bbox 1025 966 1065 1000; x_wconf 84' lang='lat' dir='ltr'>V,</span> <span class='ocrx_word' id='word_1_238' title='bbox 1080 975 1108 1002; x_wconf 78' lang='lat'>7.</span> <span class='ocrx_word' id='word_1_239' title='bbox 1124 966 1253 993; x_wconf 83' lang='lat' dir='ltr'>Dictum</span> 
     </span>
     <span class='ocr_line' id='line_1_44' title="bbox 684 1010 1256 1051; baseline 0 -12"><span class='ocrx_word' id='word_1_240' title='bbox 684 1020 759 1040; x_wconf 80' lang='lat' dir='ltr'>vero</span> <span class='ocrx_word' id='word_1_241' title='bbox 772 1020 831 1050; x_wconf 82' lang='lat' dir='ltr'>pro</span> <span class='ocrx_word' id='word_1_242' title='bbox 852 1019 859 1039; x_wconf 89' lang='lat'>:</span> <span class='ocrx_word' id='word_1_243' title='bbox 877 1018 908 1039; x_wconf 83' lang='lat' dir='ltr'>ec</span> <span class='ocrx_word' id='word_1_244' title='bbox 920 1020 938 1038; x_wconf 88' lang='grc' dir='ltr'><em>ο</em></span> <span class='ocrx_word' id='word_1_245' title='bbox 954 1010 1072 1047; x_wconf 76' lang='lat' dir='ltr'>arbace,</span> <span class='ocrx_word' id='word_1_246' title='bbox 1089 1021 1160 1051; x_wconf 78' lang='lat' dir='ltr'>quce</span> <span class='ocrx_word' id='word_1_247' title='bbox 1177 1010 1256 1051; x_wconf 77' lang='lat' dir='ltr'>tegis</span> 
     </span>
     <span class='ocr_line' id='line_1_45' title="bbox 686 1056 1254 1098; baseline 0 -13"><span class='ocrx_word' id='word_1_248' title='bbox 686 1067 739 1085; x_wconf 77' lang='lat' dir='ltr'>eos</span> <span class='ocrx_word' id='word_1_249' title='bbox 753 1063 811 1085; x_wconf 80' lang='lat' dir='ltr'>etc.</span> <span class='ocrx_word' id='word_1_250' title='bbox 824 1056 857 1085; x_wconf 86' lang='lat' dir='ltr'>h.</span> <span class='ocrx_word' id='word_1_251' title='bbox 873 1063 903 1085; x_wconf 88' lang='lat' dir='ltr'>et</span> <span class='ocrx_word' id='word_1_252' title='bbox 913 1067 932 1085; x_wconf 87' lang='grc' dir='ltr'><strong>Ο</strong></span> <span class='ocrx_word' id='word_1_253' title='bbox 943 1056 1058 1093; x_wconf 78' lang='lat' dir='ltr'>arbuti,</span> <span class='ocrx_word' id='word_1_254' title='bbox 1070 1067 1140 1096; x_wconf 75' lang='lat' dir='ltr'>quae</span> <span class='ocrx_word' id='word_1_255' title='bbox 1151 1056 1254 1098; x_wconf 74' lang='lat' dir='ltr'>tegitis</span> 
     </span>
     <span class='ocr_line' id='line_1_46' title="bbox 683 1102 1254 1142; baseline 0.002 -12"><span class='ocrx_word' id='word_1_256' title='bbox 683 1102 786 1132; x_wconf 78' lang='lat' dir='ltr'>fontes</span> <span class='ocrx_word' id='word_1_257' title='bbox 796 1113 869 1131; x_wconf 86' lang='lat' dir='ltr'>cum</span> <span class='ocrx_word' id='word_1_258' title='bbox 885 1102 1045 1132; x_wconf 82' lang='lat' dir='ltr'>herba.-—</span> <span class='ocrx_word' id='word_1_259' title='bbox 1060 1104 1103 1131; x_wconf 80' lang='lat' dir='ltr'>Et</span> <span class='ocrx_word' id='word_1_260' title='bbox 1111 1113 1183 1142; x_wconf 65' lang='lat' dir='ltr'>quae</span> <span class='ocrx_word' id='word_1_261' title='bbox 1196 1114 1254 1132; x_wconf 63' lang='grc' dir='ltr'>νιος</span> 
     </span>
     <span class='ocr_line' id='line_1_47' title="bbox 683 1148 1254 1189; baseline 0.002 -13"><span class='ocrx_word' id='word_1_262' title='bbox 683 1148 790 1189; x_wconf 81' lang='lat' dir='ltr'>fragm.</span> <span class='ocrx_word' id='word_1_263' title='bbox 817 1149 932 1178; x_wconf 84' lang='lat' dir='ltr'>Moret.</span> <span class='ocrx_word' id='word_1_264' title='bbox 960 1149 1146 1186; x_wconf 81' lang='lat' dir='ltr'>conjiciebat</span> <span class='ocrx_word' id='word_1_265' title='bbox 1175 1158 1254 1188; x_wconf 88' lang='lat' dir='ltr'>quo-</span> 
     </span>
     <span class='ocr_line' id='line_1_48' title="bbox 684 1194 1253 1234; baseline 0 -11"><span class='ocrx_word' id='word_1_266' title='bbox 684 1205 745 1234; x_wconf 88' lang='lat' dir='ltr'>que</span> <span class='ocrx_word' id='word_1_267' title='bbox 760 1196 811 1225; x_wconf 92' lang='lat' dir='ltr'>Jo.</span> <span class='ocrx_word' id='word_1_268' title='bbox 830 1194 992 1224; x_wconf 79' lang='lat' dir='ltr'>Schrader.</span> <span class='ocrx_word' id='word_1_269' title='bbox 1012 1212 1057 1216; x_wconf 85' lang='lat'><strong>—</strong></span> <span class='ocrx_word' id='word_1_270' title='bbox 1075 1201 1127 1231; x_wconf 77' lang='grc'>47.</span> <span class='ocrx_word' id='word_1_271' title='bbox 1146 1194 1253 1224; x_wconf 78' lang='lat' dir='ltr'>Solsti—</span> 
     </span>
     <span class='ocr_line' id='line_1_49' title="bbox 683 1240 1253 1280; baseline 0 -11"><span class='ocrx_word' id='word_1_272' title='bbox 683 1240 757 1269; x_wconf 72' lang='lat' dir='ltr'>tt&#39;um</span> <span class='ocrx_word' id='word_1_273' title='bbox 768 1240 879 1280; x_wconf 80' lang='lat' dir='ltr'>pecori</span> <span class='ocrx_word' id='word_1_274' title='bbox 891 1240 1062 1280; x_wconf 70' lang='lat' dir='ltr'>defendite,</span> <span class='ocrx_word' id='word_1_275' title='bbox 1076 1241 1106 1269; x_wconf 91' lang='lat' dir='ltr'>h.</span> <span class='ocrx_word' id='word_1_276' title='bbox 1120 1241 1253 1270; x_wconf 78' lang='lat' dir='ltr'>calorem</span> 
     </span>
     <span class='ocr_line' id='line_1_50' title="bbox 683 1287 1257 1316; baseline -0.002 -1"><span class='ocrx_word' id='word_1_277' title='bbox 683 1297 717 1315; x_wconf 89' lang='lat' dir='ltr'>ac</span> <span class='ocrx_word' id='word_1_278' title='bbox 740 1288 804 1315; x_wconf 79' lang='lat' dir='ltr'>vim</span> <span class='ocrx_word' id='word_1_279' title='bbox 827 1287 900 1315; x_wconf 85' lang='lat' dir='ltr'>solis</span> <span class='ocrx_word' id='word_1_280' title='bbox 924 1287 958 1315; x_wconf 86' lang='lat' dir='ltr'>in</span> <span class='ocrx_word' id='word_1_281' title='bbox 983 1287 1115 1316; x_wconf 79' lang='lat' dir='ltr'>solstitio</span> <span class='ocrx_word' id='word_1_282' title='bbox 1143 1288 1257 1316; x_wconf 84' lang='lat' dir='ltr'>consti-</span> 
     </span>
     <span class='ocr_line' id='line_1_51' title="bbox 684 1332 1256 1372; baseline -0.002 -10"><span class='ocrx_word' id='word_1_283' title='bbox 684 1333 756 1368; x_wconf 80' lang='lat' dir='ltr'>tuti,</span> <span class='ocrx_word' id='word_1_284' title='bbox 772 1343 796 1362; x_wconf 86' lang='lat' dir='ltr'>s.</span> <span class='ocrx_word' id='word_1_285' title='bbox 821 1332 1014 1371; x_wconf 82' lang='lat' dir='ltr'>simpliciter,</span> <span class='ocrx_word' id='word_1_286' title='bbox 1032 1333 1149 1369; x_wconf 74' lang='lat' dir='ltr'>aestivi,</span> <span class='ocrx_word' id='word_1_287' title='bbox 1170 1343 1186 1360; x_wconf 87' lang='lat' dir='ltr'>a</span> <span class='ocrx_word' id='word_1_288' title='bbox 1204 1342 1256 1372; x_wconf 83' lang='lat' dir='ltr'>pe-</span> 
     </span>
     <span class='ocr_line' id='line_1_52' title="bbox 686 1376 1254 1417; baseline -0.002 -10"><span class='ocrx_word' id='word_1_289' title='bbox 686 1389 757 1407; x_wconf 88' lang='lat' dir='ltr'>core</span> <span class='ocrx_word' id='word_1_290' title='bbox 770 1378 945 1417; x_wconf 87' lang='lat' dir='ltr'>prohibete.</span> <span class='ocrx_word' id='word_1_291' title='bbox 961 1379 1071 1407; x_wconf 84' lang='lat' dir='ltr'>Horat.</span> <span class='ocrx_word' id='word_1_292' title='bbox 1086 1376 1146 1407; x_wconf 88' lang='lat' dir='ltr'>Od.</span> <span class='ocrx_word' id='word_1_293' title='bbox 1158 1379 1183 1413; x_wconf 94' lang='lat' dir='ltr'>I,</span> <span class='ocrx_word' id='word_1_294' title='bbox 1203 1388 1215 1406; x_wconf 88' lang='lat'>1</span> <span class='ocrx_word' id='word_1_295' title='bbox 1225 1389 1254 1415; x_wconf 85' lang='lat'>7,</span> 
     </span>
     <span class='ocr_line' id='line_1_53' title="bbox 688 1422 1254 1464; baseline -0.002 -11"><span class='ocrx_word' id='word_1_296' title='bbox 688 1426 704 1453; x_wconf 83' lang='lat'>3</span> <span class='ocrx_word' id='word_1_297' title='bbox 716 1426 843 1453; x_wconf 75' lang='lat' dir='ltr'>Faunus</span> <span class='ocrx_word' id='word_1_298' title='bbox 859 1424 988 1464; x_wconf 78' lang='lat' dir='ltr'>igneam</span> <span class='ocrx_word' id='word_1_299' title='bbox 1004 1422 1150 1463; x_wconf 74' lang='lat' dir='ltr'>defendit</span> <span class='ocrx_word' id='word_1_300' title='bbox 1161 1431 1254 1453; x_wconf 74' lang='lat' dir='ltr'>cesta-</span> 
     </span>
     <span class='ocr_line' id='line_1_54' title="bbox 685 1469 1253 1509; baseline 0.002 -11"><span class='ocrx_word' id='word_1_301' title='bbox 685 1478 746 1499; x_wconf 80' lang='lat' dir='ltr'>tem</span> <span class='ocrx_word' id='word_1_302' title='bbox 770 1469 901 1509; x_wconf 77' lang='lat' dir='ltr'>capellis</span> <span class='ocrx_word' id='word_1_303' title='bbox 923 1475 982 1499; x_wconf 89' lang='lat' dir='ltr'>etc.</span> <span class='ocrx_word' id='word_1_304' title='bbox 1008 1470 1073 1499; x_wconf 87' lang='lat' dir='ltr'>Cic.</span> <span class='ocrx_word' id='word_1_305' title='bbox 1095 1470 1162 1499; x_wconf 85' lang='lat' dir='ltr'>Cat.</span> <span class='ocrx_word' id='word_1_306' title='bbox 1182 1470 1253 1507; x_wconf 88' lang='lat' dir='ltr'>maj.</span> 
     </span>
     <span class='ocr_line' id='line_1_55' title="bbox 688 1513 1255 1555; baseline -0.002 -11"><span class='ocrx_word' id='word_1_307' title='bbox 688 1517 728 1544; x_wconf 76' lang='lat'>53</span> <span class='ocrx_word' id='word_1_308' title='bbox 746 1525 805 1543; x_wconf 79' lang='grc' dir='ltr'>ιινα</span> <span class='ocrx_word' id='word_1_309' title='bbox 814 1515 930 1544; x_wconf 79' lang='lat' dir='ltr'>vestita</span> <span class='ocrx_word' id='word_1_310' title='bbox 936 1513 1101 1555; x_wconf 74' lang='lat' dir='ltr'>pampinis</span> <span class='ocrx_word' id='word_1_311' title='bbox 1117 1526 1175 1544; x_wconf 81' lang='lat' dir='ltr'>nec</span> <span class='ocrx_word' id='word_1_312' title='bbox 1188 1526 1255 1544; x_wconf 88' lang='lat' dir='ltr'>mo-</span> 
     </span>
     <span class='ocr_line' id='line_1_56' title="bbox 685 1559 1256 1600; baseline 0 -10"><span class='ocrx_word' id='word_1_313' title='bbox 685 1561 755 1590; x_wconf 74' lang='lat' dir='ltr'>dico</span> <span class='ocrx_word' id='word_1_314' title='bbox 769 1568 874 1600; x_wconf 77' lang='lat' dir='ltr'>tepore</span> <span class='ocrx_word' id='word_1_315' title='bbox 889 1569 986 1596; x_wconf 78' lang='lat' dir='ltr'>caret,</span> <span class='ocrx_word' id='word_1_316' title='bbox 1003 1568 1035 1590; x_wconf 83' lang='lat' dir='ltr'>et</span> <span class='ocrx_word' id='word_1_317' title='bbox 1051 1559 1165 1589; x_wconf 78' lang='lat' dir='ltr'>nimios</span> <span class='ocrx_word' id='word_1_318' title='bbox 1182 1561 1256 1590; x_wconf 78' lang='lat' dir='ltr'><em>solis</em></span> 
     </span>
     <span class='ocr_line' id='line_1_57' title="bbox 685 1604 1254 1649; baseline -0.002 -12"><span class='ocrx_word' id='word_1_319' title='bbox 685 1606 829 1649; x_wconf 73' lang='lat' dir='ltr'>defendit</span> <span class='ocrx_word' id='word_1_320' title='bbox 851 1607 990 1636; x_wconf 79' lang='lat' dir='ltr'>ardores.</span> <span class='ocrx_word' id='word_1_321' title='bbox 1005 1607 1055 1635; x_wconf 84' lang='lat' dir='ltr'>Sic</span> <span class='ocrx_word' id='word_1_322' title='bbox 1070 1604 1185 1649; x_wconf 74' lang='grc' dir='ltr'>ἀρκεῖν,</span> <span class='ocrx_word' id='word_1_323' title='bbox 1201 1606 1254 1636; x_wconf 82' lang='grc' dir='ltr'>ἐπ-</span> 
     </span>
     <span class='ocr_line' id='line_1_58' title="bbox 686 1650 1253 1696; baseline -0.002 -13"><span class='ocrx_word' id='word_1_324' title='bbox 686 1653 801 1696; x_wconf 69' lang='grc' dir='ltr'>αρκεῖν,</span> <span class='ocrx_word' id='word_1_325' title='bbox 812 1651 946 1696; x_wconf 76' lang='grc' dir='ltr'>ἀμύνειν,</span> <span class='ocrx_word' id='word_1_326' title='bbox 956 1650 1084 1690; x_wconf 76' lang='grc' dir='ltr'>ἀλέξειν,</span> <span class='ocrx_word' id='word_1_327' title='bbox 1096 1651 1253 1683; x_wconf 80' lang='grc' dir='ltr'>ἀλάλκειν.</span> 
     </span>
     <span class='ocr_line' id='line_1_59' title="bbox 685 1697 1254 1742; baseline -0.004 -13"><span class='ocrx_word' id='word_1_328' title='bbox 685 1702 765 1730; x_wconf 82' lang='lat' dir='ltr'>Mox</span> <span class='ocrx_word' id='word_1_329' title='bbox 784 1711 814 1730; x_wconf 89' lang='lat' dir='ltr'>v.</span> <span class='ocrx_word' id='word_1_330' title='bbox 840 1700 880 1735; x_wconf 88' lang='grc'>48</span> <span class='ocrx_word' id='word_1_331' title='bbox 902 1707 1043 1740; x_wconf 63' lang='lat' dir='ltr'>turgere,</span> <span class='ocrx_word' id='word_1_332' title='bbox 1061 1697 1169 1742; x_wconf 73' lang='grc' dir='ltr'>ὅργᾷν.</span> <span class='ocrx_word' id='word_1_333' title='bbox 1195 1701 1254 1728; x_wconf 87' lang='lat' dir='ltr'>Or-</span> 
     </span>
     <span class='ocr_line' id='line_1_60' title="bbox 685 1743 1254 1784; baseline -0.005 -8"><span class='ocrx_word' id='word_1_334' title='bbox 685 1753 830 1776; x_wconf 85' lang='lat' dir='ltr'>namenta</span> <span class='ocrx_word' id='word_1_335' title='bbox 847 1745 944 1784; x_wconf 84' lang='lat' dir='ltr'>hujus</span> <span class='ocrx_word' id='word_1_336' title='bbox 967 1755 1077 1774; x_wconf 76' lang='lat' dir='ltr'>versus</span> <span class='ocrx_word' id='word_1_337' title='bbox 1103 1743 1192 1773; x_wconf 79' lang='lat' dir='ltr'>avide</span> <span class='ocrx_word' id='word_1_338' title='bbox 1207 1754 1254 1774; x_wconf 85' lang='lat' dir='ltr'>ar-</span> 
     </span>
     <span class='ocr_line' id='line_1_61' title="bbox 686 1789 1256 1833; baseline -0.004 -11"><span class='ocrx_word' id='word_1_339' title='bbox 686 1799 773 1833; x_wconf 89' lang='lat' dir='ltr'>repta</span> <span class='ocrx_word' id='word_1_340' title='bbox 781 1798 857 1822; x_wconf 85' lang='lat' dir='ltr'>sunt</span> <span class='ocrx_word' id='word_1_341' title='bbox 866 1792 905 1821; x_wconf 87' lang='lat' dir='ltr'>ab</span> <span class='ocrx_word' id='word_1_342' title='bbox 920 1792 985 1821; x_wconf 84' lang='lat' dir='ltr'>aliis</span> <span class='ocrx_word' id='word_1_343' title='bbox 998 1791 1109 1831; x_wconf 84' lang='lat' dir='ltr'>poetis,</span> <span class='ocrx_word' id='word_1_344' title='bbox 1120 1789 1213 1821; x_wconf 85' lang='lat' dir='ltr'>Ovid.</span> <span class='ocrx_word' id='word_1_345' title='bbox 1226 1798 1256 1820; x_wconf 87' lang='lat' dir='ltr'>et</span> 
     </span>
     <span class='ocr_line' id='line_1_62' title="bbox 687 1837 1192 1869; baseline -0.008 0"><span class='ocrx_word' id='word_1_346' title='bbox 687 1839 724 1869; x_wconf 85' lang='lat' dir='ltr'>al.</span> <span class='ocrx_word' id='word_1_347' title='bbox 737 1856 782 1862; x_wconf 79' lang='lat'>—-</span> <span class='ocrx_word' id='word_1_348' title='bbox 797 1840 897 1867; x_wconf 82' lang='lat' dir='ltr'>Lento</span> <span class='ocrx_word' id='word_1_349' title='bbox 913 1837 1029 1867; x_wconf 84' lang='lat' dir='ltr'>Medic.</span> <span class='ocrx_word' id='word_1_350' title='bbox 1047 1848 1061 1866; x_wconf 88' lang='lat' dir='ltr'>a</span> <span class='ocrx_word' id='word_1_351' title='bbox 1076 1848 1117 1866; x_wconf 88' lang='lat' dir='ltr'>m.</span> <span class='ocrx_word' id='word_1_352' title='bbox 1132 1847 1192 1866; x_wconf 84' lang='lat' dir='ltr'>sec.</span> 
     </span>
     <span class='ocr_line' id='line_1_63' title="bbox 734 1883 1255 1924; baseline -0.006 -10"><span class='ocrx_word' id='word_1_353' title='bbox 734 1891 788 1924; x_wconf 86' lang='grc'>49.</span> <span class='ocrx_word' id='word_1_354' title='bbox 818 1886 846 1913; x_wconf 94' lang='lat' dir='ltr'><em>T</em></span> <span class='ocrx_word' id='word_1_355' title='bbox 844 1884 934 1920; x_wconf 79' lang='lat' dir='ltr'>cedoe,</span> <span class='ocrx_word' id='word_1_356' title='bbox 949 1884 1043 1924; x_wconf 83' lang='lat' dir='ltr'>ligna,</span> <span class='ocrx_word' id='word_1_357' title='bbox 1061 1894 1076 1912; x_wconf 88' lang='lat' dir='ltr'>e</span> <span class='ocrx_word' id='word_1_358' title='bbox 1091 1883 1190 1922; x_wconf 87' lang='lat' dir='ltr'>picea,</span> <span class='ocrx_word' id='word_1_359' title='bbox 1201 1893 1255 1912; x_wconf 85' lang='lat' dir='ltr'>seu</span> 
     </span>
     <span class='ocr_line' id='line_1_64' title="bbox 685 1929 1255 1970; baseline -0.004 -10"><span class='ocrx_word' id='word_1_360' title='bbox 685 1931 776 1970; x_wconf 86' lang='lat' dir='ltr'>pinu.</span> <span class='ocrx_word' id='word_1_361' title='bbox 786 1932 905 1959; x_wconf 87' lang='lat' dir='ltr'>Versus</span> <span class='ocrx_word' id='word_1_362' title='bbox 924 1940 963 1958; x_wconf 81' lang='lat' dir='ltr'>ex</span> <span class='ocrx_word' id='word_1_363' title='bbox 978 1930 1111 1958; x_wconf 88' lang='lat' dir='ltr'>Theocr.</span> <span class='ocrx_word' id='word_1_364' title='bbox 1126 1930 1184 1965; x_wconf 81' lang='lat' dir='ltr'>XI,</span> <span class='ocrx_word' id='word_1_365' title='bbox 1203 1929 1255 1958; x_wconf 85' lang='lat'>51.</span> 
     </span>
     <span class='ocr_line' id='line_1_65' title="bbox 686 1973 1255 2016; baseline -0.004 -11"><span class='ocrx_word' id='word_1_366' title='bbox 686 1993 731 1998; x_wconf 90' lang='lat'>——-</span> <span class='ocrx_word' id='word_1_367' title='bbox 744 1977 796 2005; x_wconf 84' lang='lat'>50.</span> <span class='ocrx_word' id='word_1_368' title='bbox 814 1978 924 2004; x_wconf 81' lang='lat' dir='ltr'>Postes</span> <span class='ocrx_word' id='word_1_369' title='bbox 935 1974 1078 2016; x_wconf 59' lang='lat' dir='ltr'>fitlzgrine</span> <span class='ocrx_word' id='word_1_370' title='bbox 1093 1973 1186 2015; x_wconf 51' lang='grc' dir='ltr'>ηιξ-η’,</span> <span class='ocrx_word' id='word_1_371' title='bbox 1205 1980 1255 2004; x_wconf 86' lang='lat' dir='ltr'>ut-</span> 
     </span>
     <span class='ocr_line' id='line_1_66' title="bbox 684 2022 1257 2062; baseline -0.002 -11"><span class='ocrx_word' id='word_1_372' title='bbox 684 2029 758 2062; x_wconf 87' lang='lat' dir='ltr'>pote</span> <span class='ocrx_word' id='word_1_373' title='bbox 772 2022 804 2050; x_wconf 88' lang='lat' dir='ltr'>in</span> <span class='ocrx_word' id='word_1_374' title='bbox 814 2031 951 2061; x_wconf 87' lang='lat' dir='ltr'>paupere</span> <span class='ocrx_word' id='word_1_375' title='bbox 961 2022 1089 2062; x_wconf 84' lang='lat' dir='ltr'>tugurio</span> <span class='ocrx_word' id='word_1_376' title='bbox 1097 2022 1164 2050; x_wconf 88' lang='lat' dir='ltr'>sine</span> <span class='ocrx_word' id='word_1_377' title='bbox 1176 2030 1257 2050; x_wconf 74' lang='grc' dir='ltr'>καπ-</span> 
     </span>
     <span class='ocr_line' id='line_1_67' title="bbox 685 2064 1255 2108; baseline -0.002 -11"><span class='ocrx_word' id='word_1_378' title='bbox 685 2064 808 2108; x_wconf 69' lang='grc' dir='ltr'>νοδόκῃ.</span> <span class='ocrx_word' id='word_1_379' title='bbox 822 2085 868 2089; x_wconf 73' lang='lat'>—</span> <span class='ocrx_word' id='word_1_380' title='bbox 886 2068 938 2097; x_wconf 88' lang='lat'>51.</span> <span class='ocrx_word' id='word_1_381' title='bbox 955 2069 1003 2097; x_wconf 83' lang='lat' dir='ltr'>Ex</span> <span class='ocrx_word' id='word_1_382' title='bbox 1016 2067 1175 2098; x_wconf 87' lang='lat' dir='ltr'>Theocrit.</span> <span class='ocrx_word' id='word_1_383' title='bbox 1189 2068 1236 2096; x_wconf 83' lang='lat' dir='ltr'>IX</span> <span class='ocrx_word' id='word_1_384' title='bbox 1248 2090 1255 2103; x_wconf 84' lang='lat'>,</span> 
     </span>
     <span class='ocr_line' id='line_1_68' title="bbox 690 2114 1253 2154; baseline -0.004 -11"><span class='ocrx_word' id='word_1_385' title='bbox 690 2124 741 2151; x_wconf 78' lang='lat'>12,</span> <span class='ocrx_word' id='word_1_386' title='bbox 774 2115 812 2143; x_wconf 78' lang='lat'>13</span> <span class='ocrx_word' id='word_1_387' title='bbox 839 2120 869 2143; x_wconf 90' lang='lat' dir='ltr'>et</span> <span class='ocrx_word' id='word_1_388' title='bbox 900 2124 953 2154; x_wconf 89' lang='lat'>19,</span> <span class='ocrx_word' id='word_1_389' title='bbox 981 2124 1037 2151; x_wconf 81' lang='lat'>20,</span> <span class='ocrx_word' id='word_1_390' title='bbox 1062 2124 1115 2143; x_wconf 88' lang='lat'>21.</span> <span class='ocrx_word' id='word_1_391' title='bbox 1139 2131 1184 2135; x_wconf 84' lang='lat'>—-</span> <span class='ocrx_word' id='word_1_392' title='bbox 1201 2114 1253 2142; x_wconf 83' lang='lat'>52.</span> 
     </span>
     <span class='ocr_line' id='line_1_69' title="bbox 687 2161 1255 2200; baseline -0.004 -10"><span class='ocrx_word' id='word_1_393' title='bbox 687 2162 860 2190; x_wconf 81' lang='lat' dir='ltr'>Numerum</span> <span class='ocrx_word' id='word_1_394' title='bbox 890 2161 980 2200; x_wconf 79' lang='lat' dir='ltr'>lupus</span> <span class='ocrx_word' id='word_1_395' title='bbox 994 2183 1002 2197; x_wconf 92' lang='lat'>,</span> <span class='ocrx_word' id='word_1_396' title='bbox 1027 2167 1064 2189; x_wconf 88' lang='lat' dir='ltr'>ut</span> <span class='ocrx_word' id='word_1_397' title='bbox 1090 2166 1255 2190; x_wconf 83' lang='lat' dir='ltr'>numerato</span> 
     </span>
     <span class='ocr_line' id='line_1_70' title="bbox 686 2207 1256 2247; baseline -0.005 -11"><span class='ocrx_word' id='word_1_398' title='bbox 686 2208 793 2246; x_wconf 84' lang='lat' dir='ltr'>pecori</span> <span class='ocrx_word' id='word_1_399' title='bbox 808 2214 923 2247; x_wconf 84' lang='lat' dir='ltr'>parcat.</span> <span class='ocrx_word' id='word_1_400' title='bbox 943 2208 987 2236; x_wconf 85' lang='lat' dir='ltr'>Ita</span> <span class='ocrx_word' id='word_1_401' title='bbox 1000 2217 1059 2237; x_wconf 87' lang='lat' dir='ltr'>nec</span> <span class='ocrx_word' id='word_1_402' title='bbox 1075 2214 1163 2236; x_wconf 82' lang='lat' dir='ltr'>curat</span> <span class='ocrx_word' id='word_1_403' title='bbox 1176 2207 1256 2245; x_wconf 69' lang='lat' dir='ltr'>ripas</span> 
     </span>
    </p>
   </div>
  </div>
 </body>
</html>
