1408 2428
537 68 713 98 ECLOGA
737 72 809 99 vn.
1228 75 1269 112 93

78 124 118 161 Si
134 125 330 173 proprium
346 124 419 160 hoc
435 125 569 169 fuerit,
588 125 663 161 levi
680 126 725 161 de
742 139 929 163 marmore
946 136 1025 164 tota

78 184 240 220 Puniceo
256 183 371 221 stabis
387 197 491 221 suras
508 184 656 221 evincta
671 186 869 223 cothurno.

587 258 757 282 'rin-1515.

79 301 211 339 Sinum
226 303 349 348 lactis,
368 311 403 338 et
420 302 500 339 haec
518 311 553 339 te
570 303 664 350 liba,
681 305 814 354 Priape
825 333 834 351 ‚
851 314 944 355 quot
961 309 1064 345 annis

82 363 291 411 Expectare
307 371 362 400 sat
379 370 434 399 est
451 376 458 398 t
476 371 601 400 custos
617 377 655 400 es
672 365 848 414 pauperis
866 365 978 402 horti.

77 481 176 520 spolia
201 481 274 511 ferae
298 492 338 511 ex
364 488 499 518 venatu,
524 481 649 512 videtur

78 527 148 556 elici
171 537 261 567 posse
291 539 308 557 e
332 528 469 557 Miconis
492 538 647 566 persona:

78 573 103 601 si
118 580 180 603 tam
195 573 280 603 felici
298 580 413 603 venatu
431 580 585 613 perpetuo
601 575 649 603 uti

77 619 246 661 contigerit
271 627 329 649 ete.
343 630 351 655 3
381 619 443 648 hoe
470 626 648 659 sequuntur

78 667 176 701 Serv.‚
193 666 292 696 Cerda
305 672 335 695 et
348 667 455 694 Burm.
472 667 542 695 Hoc
555 676 648 696 sensu

77 712 146 740 AEn.
158 713 215 748 VI,
228 712 290 749 872
300 711 433 751 propria
443 709 510 741 heve
523 711 552 740 si
562 712 649 742 dona

68 754 217 795 fuissent.
242 759 286 787 L‘t
312 757 422 786 reddas
454 768 529 786 culn
561 758 647 788 aljis:

78 816 91 825 «
109 802 134 830 si
151 801 278 842 quidem
295 803 421 832 habitus
434 804 490 831 iste
505 803 561 831 tibi
574 814 647 842 pro-

77 848 165 886 prius
176 855 220 877 est
235 863 250 874 n
262 858 269 877 ε
285 847 355 877 fieri
363 850 419 876 vix
431 854 514 875 recte
527 854 647 886 potest3

78 903 151 921 nam
170 900 200 922 et
214 893 305 934 friget
318 892 398 930 hoc,
416 900 446 921 et
461 891 590 922 deberet
605 895 648 922 ita

78 948 142 967 esse
167 946 230 975 est,
257 948 323 968 non
360 938 449 968 uerit.
474 939 539 968 Alii
564 939 648 978 apud

77 984 220 1014 Servium
224 984 388 1027 prpprium
398 984 456 1013 hoc
465 984 503 1013 ad
512 995 646 1024 gregem,

78 1039 173 1069 quem
193 1030 339 1071 pascebat
356 1029 423 1071 (ita
445 1029 649 1070 responderet

77 1085 123 1105 vs.
144 1076 185 1106 36
207 1076 235 1105 si
244 1076 359 1117 fetura
373 1086 503 1116 gregem
525 1076 648 1116 supple-

77 1120 172 1163 verit)
184 1145 192 1159 ,
206 1122 257 1152 alii
271 1121 312 1152 ad.
326 1122 358 1151 id
369 1144 377 1158 ,
394 1121 481 1162 quod
495 1133 525 1152 v.
543 1132 559 1150 2
570 1132 581 1151 1
599 1133 645 1162 sq.

75 1168 225 1207 petierat,
250 1175 287 1197 ut
309 1178 435 1197 carmen
456 1167 534 1205 sibi,
556 1168 647 1208 quale

76 1213 193 1251 Codro,
210 1214 416 1255 contingeret,
429 1213 647 1243 referunt.V0-

76 1259 149 1289 lunt
168 1260 288 1290 scilicet
311 1259 378 1289 haec
406 1270 446 1289 ex
471 1259 649 1300 Corydonis

75 1315 208 1345 persona
225 1306 308 1337 dicta
331 1316 395 1336 esse
407 1328 415 1343 ‚
434 1312 470 1335 ut
493 1316 649 1345 compara-

74 1352 194 1382 tionem
216 1354 380 1383 instituere
406 1351 530 1381 dicatur
553 1352 649 1392 Cory-

77 1395 279 1430 don:Micon
291 1399 349 1429 tibi
363 1397 432 1428 haec
448 1399 548 1438 capita
565 1399 649 1427 cervi

77 1449 108 1471 et
126 1445 193 1483 apn'
217 1444 343 1482 dicavit,
361 1455 381 1473 0
400 1445 518 1481 Diana3
539 1451 569 1474 at
591 1454 648 1485 ego

77 1495 210 1520 statuam
234 1501 458 1528 marmoream,
479 1490 567 1531 quod
584 1501 647 1520 ma-

74 1535 126 1572 jus
149 1542 195 1565 est
205 1559 213 1572 ,
230 1537 288 1566 tibi
309 1547 426 1577 ponam
437 1560 445 1574 ‚
459 1538 486 1566 si
500 1538 648 1577 proprius

77 1591 111 1609 ae
144 1589 317 1622 perpetuus
352 1594 429 1624 grex
457 1582 508 1612 hic
542 1583 646 1613 fuerit.

76 1628 169 1656 Enim
179 1639 254 1658 vero
260 1630 304 1658 sic
314 1628 463 1669 impedita
472 1628 567 1667 hujus
582 1639 649 1658 ver-

75 1683 129 1702 sus
155 1682 260 1704 manet
283 1676 385 1712 rati03
408 1682 439 1705 et
467 1674 648 1704 adversatur

74 1718 147 1756 hoc,
158 1720 246 1760 qnod
260 1732 334 1751 mox
353 1721 485 1751 alterum
498 1722 648 1762 epigram-

76 1775 126 1795 ma
136 1788 144 1802 ,
170 1767 262 1796 eliam
293 1778 333 1796 ex
360 1767 487 1796 alterius
515 1769 647 1808 pastoris

75 1821 207 1850 persona
228 1812 406 1851 subjicitur.
426 1814 475 1842 De
491 1813 647 1853 procomis

75 1856 210 1886 ferarum
228 1860 338 1888 Dianae
355 1861 544 1889 consecratis
559 1867 589 1888 et
607 1870 647 1889 ex

75 1902 186 1932 arbore
204 1906 361 1944 suspensis
377 1912 452 1934 nota
468 1916 527 1942 τετε,
541 1913 572 1934 et
587 1916 644 1934 no-

76 1955 125 1977 tus
134 1948 223 1978 locus
233 1949 412 1988 Spanhemii
418 1950 457 1979 ad
464 1950 644 1980 Cnlljmach.

75 1995 111 2023 in
127 1995 218 2023 Dian.
237 1993 276 2023 cf.
298 1997 369 2024 AEn.
385 1997 433 2025 IX
444 2018 452 2032 ‚
474 2001 551 2033 407,
567 1996 643 2030 408.

75 2041 166 2069 Dona
190 2057 235 2062 -—
248 2039 276 2068 si
288 2050 351 2079 qua
368 2039 433 2079 ipse
449 2041 527 2069 meis
540 2050 645 2070 vena-

74 2085 153 2114 tibus
170 2085 265 2121 auxi,
282 2085 473 2125 Stcspendz've
490 2085 576 2115 tholo
591 2093 649 2115 aut

75 2141 166 2161 sacra
182 2131 228 2160 ad
229 2130 370 2172 fastigia
375 2131 453 2174 fixi.
471 2134 552 2161 Sunt
569 2141 646 2172 quo-

41 2178 51 2186 ·
73 2187 135 2221 qne
153 2178 248 2216 hujus
266 2179 386 2219 generis
406 2178 623 2220 epigrammata
634 2201 642 2216 ,

703 484 737 512 in
752 483 895 512 Analect.
913 490 989 513 tom.
1007 485 1057 521 ΙΙ,
1075 496 1105 524 p.
1134 486 1210 515 285.
1228 505 1272 510 --Μ

705 529 758 558 31.
779 529 861 558 Leni
874 529 939 558 duo
951 552 959 565 ‚
980 537 1015 558 ut
1033 531 1144 560 solent.
1163 550 1206 553 —
1220 534 1271 562 32.

702 576 847 615 Antiquo
875 586 962 604 more
991 577 1025 605 in
1053 577 1163 606 statuis
1181 579 1272 607 etiam

702 623 884 651 marmoreis
894 623 1023 651 vestitus
1034 622 1194 652 coloribus
1203 626 1273 663 pin-

702 668 732 707 gi
745 667 874 704 solitus;
892 668 934 696 ita
952 668 984 697 h.
999 668 1020 697 l.
1038 668 1155 708 pedum
1178 669 1272 699 iudu-

702 719 854 743 mentum.
869 715 907 742 In
923 715 1028 754 Epigr.
1044 716 1078 743 in
1092 715 1252 744 AEneidem
1265 725 1272 744 :

701 760 960 798 Illarmorensque
978 759 1050 795 cibi,
1071 761 1132 788 dea
1144 783 1151 795 ,
1174 761 1273 790 versi-

702 804 853 832 coloribus
878 805 939 833 alis
972 807 1011 833 ln
1044 815 1160 833 morem
1183 806 1273 845 picta

700 848 797 876 stabit
810 851 912 877 Amor
919 849 1084 888 pharetra.
1102 850 1272 888 Cotlzurm),

702 893 789 932 quod
811 894 1055 929 calceamentum
1075 898 1270 926 venatoriam

702 946 747 968 est
758 962 766 976 ‚
778 941 877 970 Diana
892 940 956 970 fere
980 942 1149 980 conspicua
1165 944 1198 971 in
1212 944 1271 984 sig-

702 985 751 1013 nis
785 993 816 1014 et
842 988 981 1027 gemmis.
1008 986 1143 1016 Evincca
1170 996 1273 1028 potest

702 1039 777 1067 esse,
792 1041 808 1059 a
823 1032 902 1072 pede
922 1032 958 1061 ad
975 1042 1062 1061 suras
1078 1043 1192 1073 usque,
1213 1036 1273 1064 m'si

701 1082 747 1105 est
761 1077 944 1117 simpliciter
959 1079 1064 1107 vineta
1080 1087 1087 1108 ε
1105 1086 1141 1107 ut
1154 1082 1223 1110 AEu.
1239 1083 1252 1109 I
1264 1105 1271 1118 ‚

704 1122 765 1159 337
786 1125 1006 1163 Purpureoque
1020 1124 1085 1153 alce
1099 1135 1187 1154 suras
1202 1126 1274 1156 vin—

701 1167 764 1196 cire
778 1168 939 1199 cothurno.
949 1170 1057 1199 Livius
1070 1170 1275 1201 Andronicus

701 1214 737 1242 in
746 1215 861 1251 Inone,
880 1215 965 1255 apud
974 1217 1152 1245 Terentina.
1167 1218 1271 1247 Maur.

703 1258 742 1288 de
763 1262 873 1290 Metris
889 1271 896 1290 :
911 1264 986 1290 chm
1010 1271 1094 1290 ηιιιιε
1114 1273 1273 1302 palparet}

702 1316 791 1334 suras
811 1306 937 1335 include
952 1305 1104 1336 cothurno
1120 1308 1131 1347 (
1140 1307 1220 1338 forte
1236 1309 1273 1338 ad

703 1353 836 1381 Inonem
859 1353 989 1389 nutrix,
1006 1359 1043 1380 ut
1064 1354 1197 1382 Dianam
1220 1355 1273 1384 illa

701 1396 874 1437 imitetur).
891 1397 994 1426 Stabis
1014 1408 1078 1427 vox
1100 1398 1249 1429 sollennis
1263 1410 1271 1430 ε

702 1442 762 1472 tibi
775 1449 874 1472 statua
888 1450 1025 1482 ponetur
1037 1452 1044 1472 :
1062 1447 1214 1483 expressit
1228 1445 1274 1474 lo-

703 1499 776 1518 cum
797 1488 883 1518 hunc
900 1490 1014 1520 Statius
1030 1490 1061 1518 ΙΙ
1082 1489 1182 1520 Theb.
1208 1493 1271 1528 725

703 1546 769 1577 sqq.

750 1584 790 1612 33
808 1600 853 1605 --
873 1583 924 1613 36.
939 1583 1039 1614 Etiam
1054 1583 1126 1621 hoc,
1142 1591 1177 1613 ut
1192 1584 1270 1615 dixi.

700 1629 889 1670 epigramma
905 1637 950 1659 est
960 1653 968 1667 ‚
992 1631 1095 1670 Priapi
1119 1631 1208 1670 signo
1232 1632 1272 1660 af-

701 1673 804 1705 fixum
815 1698 823 1712 ,
846 1683 883 1704 ut
902 1677 1067 1705 innumera
1083 1675 1158 1711 alia;
1174 1676 1271 1716 idque

700 1728 811 1751 votum
839 1723 867 1752 ei
896 1722 1024 1751 factum.
1053 1722 1183 1761 Signum
1205 1723 1272 1759 ejus

701 1774 747 1797 est
763 1778 802 1797 ex
825 1777 980 1797 marmore
998 1768 1091 1808 (sane
1114 1777 1129 1795 a
1148 1773 1270 1806 pastore

695 1813 839 1854 ligneum
869 1813 1054 1853 expectahas
1065 1814 1076 1851 )
1087 1835 1095 1849 ‚
1122 1811 1159 1841 ad
1184 1813 1270 1852 quod

699 1869 783 1888 sacra
796 1861 965 1899 quotannis
983 1858 1066 1887 fiunt
1082 1859 1242 1897 pastoritia
1262 1868 1269 1888 :

698 1912 797 1944 ponet
812 1916 852 1934 ex
876 1912 952 1934 voto
975 1913 1100 1932 auream
1124 1911 1268 1941 statuam,

698 1949 814 1990 (nimis
843 1950 1005 1979 ambitiose
1036 1959 1095 1988 pro
1120 1951 1267 1989 pauperis

698 1996 830 2034 pastoris
845 2005 978 2035 persona
992 1997 998 2024 !
1012 1994 1024 2035 )
1038 1996 1064 2024 si
1077 1995 1153 2024 deus
1162 1997 1270 2036 propi-

699 2041 761 2070 tius
773 2040 877 2071 fuerit.
893 2059 939 2063 —
947 2043 1025 2070 Haec
1035 2040 1092 2071 tibi
1101 2041 1165 2071 liba
1175 2042 1269 2071 multi

699 2085 783 2126 apud
795 2088 903 2117 Heins.
918 2094 949 2117 et
958 2088 1169 2124 Burm.—34.
1180 2087 1268 2117 Idem

699 2133 787 2162 color
805 2133 841 2162 in
855 2133 927 2163 Tib.
944 2134 969 2170 Ι,
990 2143 1017 2170 1,
1034 2143 1072 2172 19
1091 2144 1136 2174 sq.
1157 2136 1209 2164 Sat
1222 2141 1269 2162 est

698 2178 756 2208 tibi
774 2177 842 2209 haec
863 2189 879 2208 a
894 2189 944 2209 me
958 2180 1127 2220 quotannis
1150 2179 1266 2211 offerri¹
