1408 2428
91 120 281 133 tzvtxvstzxx
286 121 383 132 ⁶⁸55ss
388 122 482 133 mu
487 122 623 133 smmum&
627 123 662 134 ts
666 124 683 134 x
687 125 803 135 nsum
807 125 1021 138 munusuu
1026 127 1041 137 ι
1045 126 1101 137 m
1106 126 1282 137 mmmm

356 240 667 303 ECLOGA,
699 244 1016 311 QUARTA.

534 360 746 401 POLLIO
781 359 842 401 (ι).

458 605 912 640 ARGUMENTUM.

137 721 174 748 In
188 719 247 748 hac
262 719 375 759 Ecloga
386 720 619 759 interpretanda
633 719 696 750 dici
711 721 766 749 vix
779 727 883 760 potest
901 730 995 760 quam
1013 721 1139 749 inanem
1155 730 1280 760 operam

91 777 122 800 et
136 771 212 801 olim
233 772 451 808 Grammatici,
474 778 505 800 et
524 771 598 800 hinc
624 772 684 801 viri
706 772 793 801 docti
812 783 891 801 vana
911 772 1061 813 religione
1083 774 1165 812 capti
1187 783 1280 802 nava-

91 827 204 855 verint.

137 880 270 910 Carmen
289 879 473 909 bucolicum
494 879 532 908 ad
554 880 731 916 consulem,
754 890 848 920 quem
867 891 898 910 v.
919 890 930 908 1
942 890 968 909 1.
986 880 1162 910 Pollionem
1177 882 1280 909 uomi-

90 939 160 969 nat‚
175 943 207 962 se
222 943 411 962 exorsurum
425 943 488 963 esse
500 932 669 974 profitetur
684 935 775 964 Maro
791 943 798 963 :
825 944 837 963 1
850 951 896 957 —
913 934 942 963 3.
959 935 1021 974 Agi
1036 943 1124 963 nunc
1139 934 1281 962 ultimam

89 994 210 1017 aetatem
231 997 248 1016 a
267 986 387 1027 Sibylla
405 995 608 1018 memoratam
629 997 636 1017 :
658 988 731 1018 inde
746 988 885 1018 melioris
904 988 1000 1018 aetau's
1018 987 1116 1017 vitam
1141 987 1281 1017 humano

89 1041 195 1082 generi
207 1039 378 1070 redituram
398 1051 462 1071 esse
481 1042 683 1082 pronuntiat,
698 1042 794 1082 idque
809 1049 999 1072 eventurum
1014 1052 1094 1079 esse,
1110 1052 1211 1082 puero
1227 1042 1280 1071 ali-

89 1104 154 1133 quo
168 1101 258 1131 nato,
279 1095 313 1124 in
332 1093 483 1125 Pollionis
503 1095 631 1135 quidem
653 1095 836 1134 consulatu,
855 1102 874 1131 4
897 1113 942 1118 -—-
962 1102 1012 1131 14.
1029 1095 1085 1125 Ille
1108 1095 1281 1135 adscriptus

89 1148 149 1176 erit
161 1147 326 1186 heroibus,
345 1155 375 1178 et
390 1148 476 1178 orbis
492 1155 647 1180 terrarum
661 1151 762 1190 pacati
775 1151 835 1179 erit
849 1157 1010 1191 regnator,
1036 1150 1074 1179 15
1085 1167 1130 1172 -
1145 1159 1194 1186 ¹7-
1210 1150 1229 1179 J
1232 1159 1280 1178 am

91 1211 165 1231 vero
181 1201 292 1232 melior
307 1201 359 1232 illa
376 1210 464 1241 aetas,
486 1204 569 1233 aetati
588 1214 689 1234 aureae
711 1214 746 1233 ac
765 1205 918 1234 Saturniae
938 1203 1063 1239 similis,
1087 1213 1144 1243 per
1167 1202 1280 1244 gradus

88 1254 249 1293 succedet,
265 1256 307 1286 ita
322 1263 359 1286 ut
373 1267 473 1297 puero
488 1263 562 1287 nato
576 1257 719 1295 exordia,
744 1258 782 1287 18
792 1274 836 1279 -
848 1258 889 1286 25
898 1268 906 1294 ;
922 1257 1115 1286 incrementa
1131 1266 1207 1285 vero
1224 1266 1278 1284 sua

88 1307 232 1338 habitura
247 1309 301 1346 sit,
317 1309 445 1349 qnando
457 1310 511 1340 ille
531 1309 701 1340 adoleverit
711 1332 720 1347 ‚
742 1310 784 1339 26
794 1326 840 1332 -
852 1309 912 1346 363
936 1309 1094 1338 cumulata
1117 1315 1220 1338 antem
1243 1315 1279 1337 ut

89 1362 130 1391 sit
145 1369 176 1392 et
187 1362 324 1402 perfecta
337 1363 376 1392 ab
389 1364 538 1394 omnibus
552 1363 710 1404 partibus,
729 1362 787 1392 uhi
801 1362 854 1392 ille
869 1362 907 1392 ad
924 1362 1047 1392 virilem
1064 1369 1185 1392 aetatem
1207 1372 1278 1402 per-

89 1417 227 1454 venerit,
250 1418 407 1454 37—45.
430 1413 564 1458 Reliqua
583 1424 659 1448 sunt
677 1417 847 1447 exultantis
866 1417 972 1446 laetiu'a
990 1424 1020 1446 et
1043 1423 1114 1446 vota
1136 1415 1278 1446 facientis

90 1480 125 1498 ac
140 1470 322 1510 gratulantis
336 1478 455 1511 poetae,
474 1472 516 1507 46
534 1471 572 1501 ad
587 1470 694 1501 finem.

135 1525 155 1553 J
158 1533 206 1552 am
221 1525 255 1553 in
275 1524 323 1554 his
340 1524 429 1555 facile
448 1535 594 1567 agnoscas
616 1527 720 1566 primo
742 1532 867 1566 poetam
890 1525 1103 1565 phantasmata
1122 1524 1161 1553 ab
1178 1534 1279 1554 aureae

89 1579 186 1607 aetatis
199 1580 431 1609 narrationibus
443 1581 566 1621 petiisse
583 1591 589 1611 τ
607 1588 675 1610 tum
690 1591 782 1617 vero,
799 1590 871 1610 eum
887 1579 939 1609 illa
953 1580 1125 1609 cumulasse
1143 1580 1178 1608 in
1193 1587 1278 1610 certo

88 1630 194 1671 aliquo
213 1633 262 1662 sui
283 1634 432 1673 temporis
452 1640 568 1663 eventu
587 1633 789 1672 declarando,
807 1644 901 1674 quem
919 1632 1015 1673 paulo
1039 1632 1205 1662 obscurius
1225 1633 1279 1662 de-

88 1687 236 1726 signavit,
253 1688 403 1728 quoniam
417 1689 450 1717 in
466 1689 650 1719 vaticinium
665 1699 731 1718 rem
747 1687 895 1724 mutavit,
918 1686 1058 1726 adeoque
1080 1687 1278 1716 vaticinantis

87 1739 193 1769 verbis
206 1748 236 1770 et
249 1740 516 1781 phantasmatibus
537 1752 626 1773 sensa
645 1752 700 1771 sua
720 1741 876 1781 exposuit.
898 1742 1026 1770 Summa
1053 1740 1278 1769 sententiarum

88 1792 155 1822 haec
170 1801 230 1831 est,
249 1795 490 1834 insequuturam
505 1805 569 1825 esse
584 1802 764 1835 temporum
777 1794 956 1824 felicitatem
971 1803 1130 1835 magnam3
1147 1803 1278 1833 eamque

89 1846 216 1876 initium
229 1846 408 1877 habituram
429 1859 492 1878 esse
512 1859 528 1877 a
549 1848 705 1878 natalibus
721 1849 828 1889 pueri,
850 1847 992 1878 Pollione
1013 1857 1076 1877 cos.
1100 1847 1176 1876 nati.
1196 1847 1277 1886 Qui-

90 1910 163 1929 nam
184 1900 238 1930 ille
259 1912 339 1941 puer
360 1902 470 1939 suerit,
491 1909 523 1932 et
541 1902 619 1942 qnid
632 1908 757 1942 poetam
771 1900 957 1938 adduxerit,
977 1907 1013 1930 ut
1034 1906 1150 1930 tantam
1171 1910 1277 1930 rerum

91 1955 330 1984 conversionem
352 1966 390 1985 eo
412 1963 486 1986 nato
507 1957 747 1996 insequuturam
761 1955 904 1995 polliceri
924 1954 1038 1995 possit,
1053 1953 1116 1984 hoc
1131 1960 1177 1984 est
1191 1953 1278 1995 quod

91 2008 253 2046 quaeritur.

135 2124 185 2166 (1)
209 2126 325 2158 Pollio.
349 2128 388 2156 In
418 2128 575 2168 plerisque
594 2133 655 2157 vet.
710 2128 794 2157 Laus
822 2138 910 2157 novae
931 2125 1280 2168 progeniei.-—P0eta

51 2204 60 2212 ·
91 2171 209 2202 Soeculi
217 2173 291 2203 ηονὶ
299 2173 526 2215 interpretatio.
535 2172 656 2205 Zulich.
710 2173 795 2205 Med.
812 2176 957 2205 Laurent.
