1377 2428
571 90 693 120 LIBER
716 91 758 120 II.

1195 89 1262 125 2(μᾷ

70 156 123 190 Ut
140 164 286 202 gemma
304 150 427 195 bibat,
449 157 485 185 et
506 151 670 186 Sarrano
692 148 853 184 dormiat
871 155 984 183 ostro.

71 211 207 248 Condit
227 223 316 260 opes
337 210 449 254 alius,
470 208 693 258 defossoque
713 206 867 244 incubat
885 218 991 242 auro.

72 272 143 307 Hic
162 278 287 320 stupet
303 269 491 306 adtonitus
509 269 660 315 rostri53
681 268 782 304 hunc
799 268 951 317 plausus
972 264 1139 301 hiantem

50 378 53 380 q
71 335 141 369 Per
160 343 298 368 cuneos
317 330 524 380 geminatus
544 330 641 366 enim
660 328 855 380 plebisque
874 335 1100 376 patrumque
1117 353 1126 371 ,

71 393 278 443 Conripuit.
296 391 471 429 Gaudent
487 391 629 441 perfusi
646 390 825 440 sanguine
844 389 1022 432 fratrum,

72 554 113 583 lia
145 550 308 593 respicit);
336 557 372 580 nt
394 550 475 580 luxu
503 549 637 580 diffluat.

73 600 189 630 Militia
208 599 339 628 omnino
362 598 417 627 illo
435 605 576 637 tempore
592 598 642 626 in-‘

74 653 121 676 ter
144 645 255 675 modos
280 655 379 683 opum
405 654 439 672 ac
460 643 641 672 divitiarum

74 691 316 732 quaerendarmn
333 689 542 729 expeditiores
554 712 562 725 ⁷
583 690 641 718 sci-

74 738 149 767 licet
174 748 190 766 e
214 735 317 777 praeda
343 742 373 764 et
392 737 471 775 agris
487 736 643 775 assignan-

76 784 133 813 dis.
144 783 214 812 vide
226 793 255 811 v.
267 793 293 811 e.
312 783 454 821 Propert.
474 781 559 822 Eleg.
573 783 620 810 ΙΙΙ
629 803 638 816 ,

79 831 108 860 5,
137 828 256 859 Tibull.
288 829 319 864 Ι,
360 838 371 856 1
386 850 395 865 ⁷
430 838 443 856 1
461 844 508 850 --
526 833 544 862 4
558 850 565 864 ,
586 827 643 856 ubi

76 888 107 906 v.
138 882 259 912 notata,
286 874 387 903 multo
417 875 513 914 magis
539 875 572 903 in
602 874 642 901 ei-

76 922 192 951 vilibus
220 920 329 956 bellis,
349 930 405 960 per
430 921 558 960 praemia
585 920 642 948 mi-

75 969 161 999 litiae.
195 968 329 997 Gemma
345 989 352 1003 ,
377 966 529 1006 poculum
558 977 642 1007 gem-

78 1024 201 1051 meum,
227 1024 268 1042 ex
291 1023 412 1053 gemma
444 1013 572 1042 factum.
596 1012 643 1044 ,cf.

78 1063 218 1101 Propert.
239 1061 303 1095 ΙΙΙ,
328 1060 365 1097 5,
385 1065 413 1095 4.
433 1060 557 1088 Ostram
577 1061 647 1088 Scir-

79 1117 213 1143 ramcm,
241 1106 375 1146 Tyrium
393 1128 401 1142 ‚
445 1105 483 1134 ab
516 1106 646 1145 antiquo

78 1153 166 1182 urbis
188 1153 337 1188 nomine,
357 1154 445 1182 Sarra
467 1162 522 1181 seu
548 1154 645 1188 Tsor;

78 1199 116 1229 de
147 1209 211 1239 quo
238 1199 310 1227 satis
342 1198 440 1227 multa
475 1197 646 1238 disputavit

77 1244 262 1275 Bochartus.
289 1262 335 1267 —-
362 1244 550 1285 Patriosqne
584 1248 644 1274 Pe-

79 1299 171 1321 nates
211 1290 360 1320 Parrhas.
400 1308 445 1312 —
484 1291 559 1328 507.
594 1292 644 1321 Sic

78 1345 109 1367 et
124 1340 193 1367 AEn.
210 1339 253 1366 VI
266 1360 274 1374 ,
296 1338 362 1366 610
380 1338 447 1366 Ant
460 1337 515 1376 qni
532 1336 645 1366 divitiis

79 1383 139 1413 soli
147 1383 313 1412 incubuere
325 1383 466 1422 νίψω-[ῖς.
478 1385 525 1412 Ex
531 1385 645 1414 Vario:

80 1430 211 1459 Incubet
232 1437 264 1458 ec
293 1429 412 1468 Tyriis,
432 1437 527 1469 atque
543 1440 585 1459 ex
599 1440 646 1459 so-

80 1475 145 1505 lido
161 1474 248 1505 bibat
259 1486 338 1504 auro
349 1498 357 1512 ‚
373 1475 587 1505 adumbratam
600 1487 645 1506 es-

79 1533 111 1551 se
125 1532 250 1551 versum
261 1545 268 1559 ‚
284 1528 408 1551 notarat
422 1522 565 1552 Macrob.
582 1524 644 1552 Sat.

80 1570 162 1605 VII,
195 1578 206 1597 1
223 1591 230 1604 ,
260 1579 292 1608 p.
328 1569 392 1605 374
415 1567 534 1608 (576).
561 1568 643 1597 conf.

80 1614 186 1644 Tibul.
199 1615 265 1651 ΙΙΙ,
285 1615 315 1648 3,
333 1616 349 1643 3
369 1625 436 1654 sqq.

129 1661 192 1690 508
203 1678 250 1682 ——-
260 1661 277 1690 5
286 1670 335 1689 10.
347 1660 439 1689 Alius
457 1660 646 1700 eloquentiae

82 1707 214 1736 forensis
226 1706 351 1736 laudem
359 1730 367 1744 ,
381 1706 459 1735 dum
469 1717 528 1746 pro
539 1708 646 1736 rostris

80 1752 238 1782 dicentem
248 1753 335 1782 audit
345 1764 352 1790 ;
366 1753 444 1782 alius
454 1753 567 1793 populi
581 1760 646 1782 stu-

82 1799 133 1828 dia
157 1801 288 1829 miratur
313 1806 344 1829 et
369 1801 458 1839 cupit
493 1800 646 1841 gratiosus

83 1845 166 1885 apud
189 1846 346 1886 populum
364 1845 494 1883 haberi3
514 1845 646 1875 nimium

80 1891 226 1932 gaudens
240 1892 448 1932 popularibus
463 1892 548 1921 auris
567 1892 648 1921 dixit

84 1940 154 1967 AEn.
166 1939 213 1966 VI
222 1961 230 1975 ,
250 1948 261 1966 1
271 1949 299 1976 7.
312 1937 464 1968 Hiantem
478 1949 543 1979 prce
556 1938 650 1967 admi-

85 1984 206 2013 ratione
236 1994 270 2012 ac
301 1990 429 2024 stupore
447 2007 455 2022 ,
485 1984 648 2025 corripuit,

42 2059 52 2066 ,
85 2031 239 2069 percussit
255 2052 263 2066 ‚
290 2031 429 2059 animum
460 2032 650 2068 commovit,

84 2076 215 2115 plausus
226 2087 291 2116 per
313 2087 427 2106 cuneos
438 2101 446 2107 .
462 2077 494 2107 h.
518 2076 652 2107 theatro-

87 2132 161 2151 rum
176 2123 302 2153 ordines
322 2133 356 2152 ac
373 2123 480 2153 sedilia
489 2147 503 2164 ⁷⁷
517 2134 581 2164 quo
598 2134 652 2154 ex-

89 2168 304 2208 cipiebantur,
329 2171 385 2210 qui
407 2171 534 2211 gratiosi
553 2177 654 2200 essent

89 2214 174 2255 apud
189 2216 363 2257 populum,
383 2223 418 2246 ut
433 2216 471 2247 de
487 2218 653 2258 Pompeio,

1210 395 1256 418 510

695 550 866 584 Cicerone,
896 548 1072 577 Maecenate
1100 545 1185 587 (vid.
1212 547 1261 576 vel

694 597 802 625 Horat.
821 596 835 623 I
852 595 953 624 Carm.
975 605 1027 623 20.
1048 595 1098 630 ΙΙ,
1126 603 1162 630 17
1175 616 1183 629 ‚
1205 594 1261 633 25)

693 653 742 671 res
758 648 842 671 nota.
855 640 952 669 Enim
970 640 1205 679 interponitur,
1226 646 1262 669 ut

695 689 768 717 alias
789 687 939 727 quidem:
953 687 1127 726 geminatus
1143 686 1262 726 quippe

694 735 746 763 ille
759 756 766 769 ‚
785 740 821 762 ut
847 729 886 765 δὴ
899 756 906 769 ,
928 729 1051 764 δηλαδὴ
1064 755 1072 765 ,
1086 732 1207 761 scilicet
1226 739 1263 761 ut

696 781 735 808 sit
748 779 848 809 :hunc
860 780 956 819 rapit,
978 780 1119 808 animum
1131 784 1240 808 movet
1251 801 1259 814 ,

696 832 733 855 ut
763 832 912 865 appetat,
940 825 1068 865 plausus
1096 824 1262 864 plebisque

696 879 886 911 patrumque
900 894 908 908 ‚
923 871 956 901 h.
974 882 1000 901 e.
1020 871 1150 911 populi,
1168 871 1261 900 itera-

695 924 747 947 tus
760 917 811 946 ille
827 917 955 957 quidem
971 928 1028 958 per
1044 927 1178 954 cuneos;
1196 917 1266 946 vult

697 964 749 993 ille
782 964 935 1004 gratiosus
960 963 1087 1000 haberi,
1110 964 1142 992 in
1167 965 1264 1005 gratia

700 1010 783 1051 apud
799 1011 957 1051 populum
978 1021 1053 1040 esse.

723 1078 726 1083 -
749 1058 824 1096 509.
844 1057 1031 1086 Geminams
1051 1067 1091 1086 ex
1113 1056 1263 1086 omnibus

700 1105 823 1144 scriptis
842 1105 990 1134 Heinsius
1015 1105 1166 1143 reposuit.
1186 1102 1265 1132 Vul-

699 1158 759 1191 gat.
775 1151 854 1180 Edd.
872 1151 1074 1192 geminatur,
1095 1157 1150 1179 aut
1164 1148 1264 1190 gemi-

700 1205 826 1228 llatllur.

747 1245 822 1273 510.
861 1243 995 1283 Corripit
1027 1254 1037 1272 .·
1065 1242 1099 1272 Ιιῐ
1121 1242 1270 1283 gauderte

698 1290 842 1319 emendat
869 1291 1002 1320 Marckl.
1026 1290 1065 1318 ad
1089 1290 1177 1319 Statii
1207 1290 1265 1319 Sil-

697 1347 751 1366 vas
779 1338 845 1374 111,
876 1347 915 1373 2,
949 1338 1003 1366 61.
1031 1353 1077 1358 —-
1099 1335 1266 1376 Sanguine

692 1389 823 1422 patrum
866 1382 915 1413 ed.
941 1382 1087 1413 Norimb.
1122 1399 1167 1404 —
1199 1381 1265 1411 510

699 1446 743 1452 —-
776 1430 852 1460 512.
874 1429 1026 1458 Gaudent
1048 1427 1174 1470 perfitsi
1191 1438 1267 1457 san-

695 1475 795 1516 guine
810 1474 963 1516 flatrum.
993 1475 1025 1505 h.
1055 1485 1083 1504 e.
1128 1474 1268 1515 gaudent

699 1522 753 1550 alii
775 1521 941 1562 perfundi,
966 1532 1007 1551 ex
1037 1531 1140 1562 graeco
1170 1531 1268 1550 more.

700 1568 752 1597 Ad
770 1575 934 1597 veteranos
961 1573 1065 1597 autem
1088 1574 1119 1597 et
1148 1573 1268 1596 ceteros

699 1614 801 1644 refero
813 1636 821 1650 ,
838 1614 955 1654 quibus
970 1614 1118 1654 promissi
1128 1624 1186 1654 per
1201 1613 1268 1642 hel-

699 1660 728 1689 la
747 1660 957 1701 civilia(hinc
968 1659 1094 1700 petjicsi
1110 1658 1268 1700 sangnine

694 1706 855 1747 fratrum)
870 1708 934 1747 agri
954 1706 1211 1747 assignabantur3
1226 1706 1271 1734 ita

699 1764 775 1782 cum
797 1760 948 1793 sequente
975 1763 1068 1782 versu
1101 1752 1271 1781 sententias

700 1807 764 1830 arte
780 1800 965 1837 conjunctas
989 1809 1054 1828 esse
1075 1798 1201 1828 videas:
1222 1808 1271 1827 re-

699 1846 782 1876 lictis
807 1846 886 1886 agris
911 1846 1019 1885 patriis
1041 1852 1071 1874 et
1086 1845 1155 1873 solo
1174 1843 1270 1873 natali

701 1894 736 1922 in
758 1892 855 1922 aliena
876 1891 1011 1932 praedia,
1033 1891 1093 1920 alio
1109 1890 1169 1919 sub
1189 1890 1270 1919 coelo

703 1939 776 1975 sita,
795 1939 985 1979 immigrant.
1007 1938 1146 1966 Lucretii
1162 1946 1271 1966 versus

704 1992 779 2014 sunt
795 1986 860 2023 111,
879 1994 931 2022 70.
942 1986 1029 2013 Dum
1036 1982 1183 2013 homines
1197 1992 1272 2023 pau-

704 2037 855 2071 pertatem
876 2030 1022 2071 fugiunt,
1041 2029 1207 2071 Sanguine
1228 2028 1273 2058 εἱ-

705 2077 830 2107 vilirem
840 2077 1031 2119 conflant—-
1037 2076 1272 2116 Cmdelesgczu·

706 2123 784 2153 dent
817 2123 849 2153 in
869 2122 949 2153 tristi
969 2122 1090 2164 fimere
1099 2121 1243 2164 fratrum
1263 2131 1270 2151 :

707 2181 799 2210 quem
818 2170 870 2200 hic
883 2178 1067 2210 expressum
1085 2180 1149 2199 esse
1160 2192 1168 2208 ,
1177 2170 1240 2208 jam
1257 2178 1273 2197 a

708 2216 851 2248 Macrob.
862 2218 1021 2247 monitum
1035 2218 1098 2247 Sat.
1107 2217 1170 2255 VI,
1183 2227 1213 2247 2.
1224 2231 1273 2238 --

1050 2271 1116 2309 25*
