1377 2428
545 97 666 128 LIBER
680 98 749 127 ⁷111.
1182 96 1221 124 32
1230 105 1243 124 1

52 154 109 190 Sit
127 155 281 204 genitali
296 168 405 202 arvo,
422 166 459 192 et
480 155 602 192 sulcos
623 155 779 191 oblimet
796 154 944 201 inerti53

51 211 127 249 Sed
143 213 264 262 rapiat
279 214 406 252 sitiens
421 217 626 260 Venerem,
644 214 877 263 interiusque
897 213 1090 250 recondat.

103 274 247 310 Rursus
267 288 358 311 cura
378 282 529 325 patrum
546 274 698 320 cadere,
716 284 752 311 ct
771 274 972 311 succedere
994 283 1156 311 matrum

53 333 200 382 Incipit.
218 335 366 372 Exactis
383 335 547 385 gravidae
567 349 685 384 quum
701 335 892 372 mensibus
913 345 1040 372 errant
1059 363 1068 380 ‚

52 393 139 428 Non
154 393 234 430 illas
254 395 432 444 gravibus
450 396 648 445 quisquam
661 396 752 445 juga
772 394 910 431 ducere
927 395 1123 443 plaustris,

1199 404 1246 430 ¹40

54 453 142 488 Non
160 453 257 490 saltu
276 468 454 505 superare
470 456 570 492 viam
592 455 639 492 sit
655 468 803 504 passus,
826 464 863 491 et
886 455 964 491 acri

55 513 218 563 Carpere
237 525 345 565 prata
364 517 472 565 fuga,
492 516 704 564 fluviosque
721 515 852 551 inuare
873 528 1038 565 rapaces.

55 574 220 611 Saltibus
240 575 279 611 in
297 576 425 612 vacuis
442 584 617 625 pascant,
635 584 671 611 et
692 576 803 624 plena
823 576 1032 612 secundum

54 633 225 671 Flumina
242 662 251 680 ‚
268 648 417 672 muscus
437 635 523 680 ubi,
540 643 576 671 et
595 634 824 671 viridissima
840 636 1008 684 gramine
1027 636 1129 685 ripa,

59 692 329 742 Speluncaeque
346 702 490 743 tegant,
512 704 548 731 et
565 706 676 730 saxea
692 693 877 743 procubet
897 695 1042 731 umbra.

1206 702 1252 732 145

59 755 124 788 Est
142 752 246 789 lucos
268 754 378 790 Silari
399 755 517 800 circa,
536 753 764 802 ilicibusque
782 753 966 790 virentem

59 887 214 920 quatenus
227 892 261 910 ea
271 881 309 910 ad
321 888 442 911 certum
452 893 545 911 usum
560 882 627 912 ido-

58 937 118 955 nea
141 933 202 963 est,
223 927 349 957 dicit-ur.
375 928 425 957 Sic
450 939 544 968 supra
575 930 625 965 ΙΙ,

62 973 126 1008 466
138 983 209 1002 usus
223 973 306 1010 olivi,
317 984 375 1014 pro
385 974 466 1003 oleo.
486 976 525 1004 Et
542 975 627 1014 apud

61 1020 172 1049 Horat.
187 1019 249 1050 Od.
274 1021 340 1056 ΙΙΙ,
362 1030 374 1048 1
390 1042 398 1056 ‚
417 1026 458 1055 42
472 1031 628 1060 purpura-

62 1075 129 1094 rum
144 1075 225 1102 usus,
242 1076 300 1106 pro
314 1076 466 1106 purpura,
479 1077 540 1106 qua
556 1068 627 1106 quis

61 1112 171 1141 utitur.
193 1111 301 1141 Sulcos
319 1111 426 1141 eadem
447 1113 629 1152 metaphora

62 1157 206 1197 appellat,
217 1168 290 1197 qua,
301 1158 478 1188 secundum
489 1159 628 1196 Graecos,

61 1204 124 1241 jam
161 1205 327 1233 Lucretius
367 1212 432 1234 erat
463 1215 538 1234 usus
558 1228 566 1241 ‚
594 1212 631 1234 nt

63 1259 171 1278 arvum
202 1256 234 1279 et
263 1250 322 1279 alia
361 1249 522 1281 dicuntur.
557 1251 632 1281 Alio

63 1305 158 1325 sensu
173 1296 327 1325 Venerem
339 1306 451 1336 rapere
461 1308 509 1337 ap.
522 1299 631 1327 Horat.

65 1343 162 1371 Serm.
182 1342 215 1377 Ι,
236 1342 271 1378 3,
304 1352 378 1382 109.
406 1345 559 1372 Venerem
586 1343 634 1372 in-

66 1394 184 1416 certam
197 1386 358 1427 rapientes
369 1385 458 1417 'more
466 1387 613 1428 ferarum
623 1412 632 1426 ‚

66 1433 274 1462 concubitum
284 1435 350 1463 sine
365 1435 566 1465 matrimonio
585 1446 634 1475 ap-

65 1485 217 1519 petentes,
227 1496 274 1501 —
292 1480 365 1510 136.
382 1481 496 1509 Succos
512 1481 633 1511 Zuh'ch.

67 1525 203 1554 inermes
227 1527 315 1556 Serv.
340 1525 379 1555 ad
407 1527 528 1556 AEneid.
553 1529 634 1564 XII,

70 1573 86 1601 3
94 1581 147 1609 70.
163 1570 200 1612 [α
208 1572 297 1613 Piget
307 1595 316 1609 ,
327 1572 481 1602 exclamat
489 1573 541 1602 hic
552 1575 635 1614 Hey-

67 1619 159 1655 uim,
178 1617 252 1647 tales
278 1629 468 1649 converrere
489 1620 633 1660 quisqui-

67 1664 133 1694 lias.
143 1677 158 1689 =›
184 1663 250 1695 Cur
279 1665 378 1705 igitur
401 1666 493 1695 toties
515 1673 546 1695 et
568 1667 634 1706 ipse

68 1717 99 1739 et
116 1709 169 1739 alii
183 1711 218 1739 in
233 1711 496 1752 converrendiSP]

120 1756 327 1787 138'——-156.
350 1757 535 1787 Admissura
559 1758 638 1788 facta

69 1802 242 1832 admissarii
270 1803 495 1844 negliguntur,
518 1811 548 1834 et
573 1812 637 1834 tota

71 1859 144 1878 cura
164 1849 198 1878 in
213 1856 326 1879 matres
343 1850 486 1890 gravidas
509 1861 638 1880 couver-

70 1895 205 1924 titur.—
212 1905 224 1924 1
233 1896 285 1926 38.
293 1896 396 1925 Tarba
398 1904 530 1936 patrum
540 1897 637 1927 Goth.

70 1951 131 1970 sec.
149 1941 276 1970 Eadem
291 1952 351 1981 pro
370 1942 485 1971 cadere
501 1945 614 1973 Venet.

122 1997 134 2015 1
143 1987 196 2026 39.
212 1987 295 2017 Cum
308 1988 421 2018 vicinae
434 1990 539 2028 partui
554 1996 638 2026 sunt,

72 2033 196 2062 exactis
227 2032 372 2073 gravidae
404 2034 560 2063 mensibus
596 2046 640 2064 er-

58 2073 156 2110 'rant.
174 2091 204 2109 v.
220 2080 322 2109 Varro
339 2081 390 2116 II,
409 2091 444 2118 7,
468 2091 519 2110 10.
542 2087 592 2117 14.
610 2088 641 2111 et

70 2125 186 2166 reliqui
208 2124 247 2155 de
272 2128 310 2157 R.
330 2129 370 2158 R.
389 2127 574 2167 Scriptores.
595 2144 643 2151 —-

78 2177 152 2206 140.
170 2173 301 2212 Proprie
318 2173 457 2214 plaustra
476 2173 642 2203 ducuntur

75 2227 92 2248 a
110 2216 214 2248 bobus
229 2219 307 2260 jugo
319 2219 450 2258 junctis.
466 2219 526 2250 Sed
541 2221 640 2261 poeti-

681 892 715 910 ca
725 883 803 910 ratio
814 882 975 923 vulgarem
984 882 1123 911 invertit.
1135 882 1253 920 Quam-

681 938 775 967 quam
798 937 873 957 vero
892 928 974 957 idem
1000 934 1197 968 praeceptum
1213 927 1252 956 ad

681 984 810 1013 equam,
830 974 989 1015 quadrigis
1009 985 1065 1003 seu
1080 974 1160 1013 bigis
1179 974 1253 1011 jun-

682 1020 816 1059 gendam
833 1043 841 1057 ,
882 1022 1019 1060 pertinet
1034 1043 1042 1057 ‚
1075 1020 1254 1049 orationem

683 1073 786 1095 tamen
801 1073 908 1106 poeta,
924 1074 958 1096 ut
967 1067 1067 1096 variet
1078 1089 1085 1102 ‚
1101 1065 1138 1094 ad
1153 1075 1253 1106 genus

683 1111 840 1141 bovinum
870 1114 967 1152 magis
1000 1112 1149 1142 deflectit.
1175 1111 1255 1140 Acri

677 1156 772 1199 ficga,
787 1159 882 1188 celeri
894 1169 1000 1188 cursu.
1014 1159 1150 1198 Carpere
1157 1165 1255 1196 prata

675 1203 761 1245 fizga
773 1227 781 1241 ‚
797 1204 931 1234 ductum
948 1205 986 1233 ab
1006 1215 1060 1240 eo,
1084 1203 1172 1243 quod
1189 1213 1255 1232 car-

680 1261 759 1290 pere
784 1250 875 1279 viam
892 1273 899 1286 ,
932 1250 1036 1290 spacia
1056 1272 1064 1286 ‚
1099 1249 1252 1285 dicimur,

686 1296 764 1325 dum
792 1297 923 1337 singulis
953 1295 1110 1337 gressibus
1136 1294 1257 1335 aliquid

687 1342 725 1371 de
756 1343 856 1382 spatio
881 1342 1079 1382 decerpitur,
1105 1342 1255 1381 carpitur.

687 1390 749 1418 Res
777 1388 894 1428 alioqui
912 1395 997 1418 nota.
1014 1405 1061 1411 --
1088 1393 1161 1423 142.
1185 1386 1257 1415 Flu-

689 1434 752 1464 vios
772 1451 818 1456 —-
839 1434 980 1463 minaces
998 1433 1121 1464 Zulich.
1142 1443 1158 1462 e
1174 1442 1255 1461 vers.

692 1491 743 1518 77.
757 1498 804 1503 —
825 1482 898 1516 143.
915 1480 1060 1509 Fastibus
1077 1479 1109 1508 in
1132 1488 1259 1518 expres-

688 1537 757 1556 sum
773 1538 789 1555 a
805 1526 914 1557 Cerda.
945 1529 1088 1555 Pascmzc
1109 1524 1226 1555 Medic.
1243 1534 1261 1552 a

688 1583 772 1602 man.
800 1584 847 1613 pr.
870 1589 916 1595 —-
947 1572 1053 1601 Saltus
1080 1570 1198 1606 vacui,
1225 1571 1260 1599 in

689 1619 807 1659 quibus
819 1619 910 1657 solae,
928 1619 1053 1658 quietae,
1071 1619 1178 1648 otiosae
1192 1626 1261 1656 pas-

690 1671 824 1702 cantur3
844 1667 911 1695 sine
933 1666 1068 1701 maritis,
1085 1663 1261 1704 Phylargy-

693 1713 757 1741 rius
798 1713 940 1752 exponit.
968 1711 1072 1740 Plena
1090 1708 1258 1752 flumina,

692 1769 752 1794 ne,
778 1757 855 1787 dum
884 1768 997 1798 aquam
1025 1768 1065 1786 ex
1096 1756 1159 1785 alto
1187 1754 1265 1783 hau-

693 1806 781 1833 riunt
792 1826 800 1841 ‚
812 1803 911 1833 fetum
924 1803 1051 1833 elidant.
1062 1819 1109 1825 --
1127 1812 1139 1830 1
1148 1806 1200 1836 44.
1215 1800 1266 1829 Vi-

694 1849 854 1879 ridissima
875 1849 1030 1891 gramina
1058 1848 1137 1888 ripoe
1159 1853 1263 1886 quart.

695 1898 810 1926 Moret.
826 1896 973 1937 germine
991 1905 1074 1924 unus
1087 1893 1193 1924 Mead.

744 1943 818 1977 146.
840 1943 899 1971 Esc
927 1942 1032 1970 lucum
1057 1938 1155 1969 Silari
1168 1938 1266 1979 stata

693 1990 800 2018 Senec.
823 1990 880 2028 Ep.
905 1988 966 2025 583
989 1994 1021 2017 et
1037 1997 1114 2016 mox
1130 1985 1164 2014 id
1184 1984 1264 2014 ibid.

694 2034 840 2064 Pluribus
860 2044 920 2074 pro
939 2033 1106 2073 plurimus.
1136 2031 1199 2068 146
1220 2048 1267 2053 —-

699 2081 773 2111 156.
793 2079 979 2110 Arcendum
1001 2090 1065 2109 esse
1095 2089 1111 2108 a
1136 2077 1268 2119 gravido

695 2137 810 2167 pecore
837 2126 952 2155 asilum
973 2127 1036 2163 ait,
1056 2126 1113 2165 qui
1137 2134 1212 2153 cum
1233 2124 1269 2152 in

696 2173 846 2202 omnibus
881 2173 1006 2212 pascuis
1018 2194 1026 2209 ‚
1059 2171 1205 2212 inprimis
1233 2171 1268 2199 in

695 2220 791 2261 pratis
819 2219 963 2260 aquosis,
983 2218 1100 2249 obvius
1121 2218 1179 2254 sit,
1200 2225 1265 2246 ma-
