1408 2428
559 92 727 121 ECLOGA
752 94 807 121 VI.
1241 95 1257 119 8
1270 106 1278 121 ι

88 151 298 189 perducant
314 150 446 198 aliquae
464 148 611 185 stabula
627 148 673 184 ad
689 151 875 197 Gortynia
891 163 1023 186 vaccae.

87 215 182 248 Tum
198 211 297 246 canit
318 208 569 258 Hesperidum
592 208 765 245 miratam
785 211 880 245 mala
900 211 1073 259 puellam.

86 274 183 308 Tum
202 269 516 307 Phaethontiadas
536 281 665 305 musco
682 269 889 305 circumdat
907 283 1042 307 amarae

87 332 264 375 Corticis‚
283 339 394 379 atque
414 330 494 367 solo
511 342 687 378 proceras
707 330 817 378 erigit
835 331 948 367 alnos.

86 393 182 427 Tum
199 390 297 427 canit
308 417 318 435 ,
334 398 522 426 errantem
542 389 724 427 Permessi
740 388 788 425 ad
808 389 962 427 flumina
979 392 1127 428 Gallum

86 552 158 580 bam
179 552 264 582 Med.
289 553 369 582 forte
393 552 488 581 herba
513 552 546 581 in
573 552 658 581 addit

86 599 194 627 Burm.
215 616 260 620 -—
279 600 333 628 (io.
355 598 511 637 Gortynia
534 598 657 628 stabula

86 655 102 673 u
113 646 270 685 Gortyne,
283 646 437 684 Gortyna,
450 645 549 674 Cretae
559 644 655 680 urbe3

86 697 122 720 ut
147 692 191 720 sic
206 714 214 727 ‚
244 698 346 730 spreta
371 690 538 730 Pasiphae,
566 691 657 720 aliam

88 738 218 765 amicam
243 743 415 776 sequutus,
438 736 476 765 ad
497 737 657 766 stabulum

85 792 187 812 vaccae
218 782 429 821 perducatur,
457 793 533 812 cum
561 783 614 812 ille
643 793 659 811 e

86 828 247 858 Gnossicis
261 829 407 857 armentis
425 835 513 857 esset.
530 829 596 857 Vix
617 834 660 856 ta-

87 884 160 903 men
179 875 262 914 cogit
274 874 397 912 poetica
411 874 490 902 ratio
503 873 662 911 Gortynia

88 926 150 948 tam
177 924 306 959 anguste
330 920 490 958 accipere;
510 925 557 948 est
577 920 662 948 enim

89 966 219 994 omnino
245 971 374 994 ornatus
398 974 505 993 caussa
538 965 662 1005 apposi-

88 1017 168 1047 tum,
182 1011 256 1050 qnia
269 1020 317 1039 res
331 1012 366 1039 in
385 1011 477 1040 Creta
496 1011 595 1049 agitur
609 1033 617 1045 ,
632 1017 663 1038 et

89 1055 289 1096 intelligenda
316 1055 440 1084 stabula
463 1064 567 1083 vaccae
589 1062 664 1084 nota

90 1112 125 1130 ac
139 1108 297 1131 consueta.
309 1118 354 1123 —-
362 1101 547 1130 Producant
555 1101 662 1141 fragm.

90 1148 205 1178 Moret.
231 1158 261 1176 v.
282 1146 320 1176 ad
339 1147 405 1177 Ecl.
429 1148 464 1183 Ι,
486 1148 539 1184 53.
557 1147 663 1186 Corty-

92 1193 148 1222 nia
161 1193 274 1234 passim
292 1193 384 1223 codd.
395 1215 403 1229 ‚
418 1193 508 1224 male.

139 1240 193 1268 61.
219 1239 398 1269 Atalantam
428 1241 531 1277 canit,
556 1240 662 1270 Schoe·

92 1286 145 1314 uei
167 1285 188 1313 f.
214 1287 318 1315 Potest
341 1292 433 1326 poeta
454 1287 662 1325 Hesperidum

92 1330 181 1360 mala
196 1333 328 1362 omnino
341 1331 456 1362 dixisse
466 1343 525 1372 pro
543 1334 643 1362 aureis
655 1344 663 1369 ;

92 1383 195 1415 potest
208 1379 302 1408 etiam
319 1385 472 1418 sequutus
493 1388 557 1408 esse
580 1385 665 1408 vete-

93 1432 159 1451 rem
176 1430 312 1462 poetam,
326 1425 382 1463 qui
399 1434 474 1453 vere
493 1434 533 1452 ex
548 1425 665 1464 Hespe-

93 1468 198 1497 ridum
211 1470 314 1508 pomis
326 1469 419 1498 fuisse
431 1470 483 1499 illa
493 1471 666 1510 Hippome-

93 1514 141 1543 nis
165 1524 259 1554 poma
279 1525 372 1545 aurea
395 1517 478 1545 inter
496 1516 667 1546 decursum

92 1560 230 1600 projecta
239 1583 246 1593 ,
259 1569 312 1590 aut
322 1560 458 1591 finxerat
467 1569 521 1592 aut
531 1562 668 1594 credide-

92 1613 148 1636 rat.
164 1606 251 1635 Idem
268 1608 361 1636 tradit
375 1608 452 1637 alter
461 1619 502 1638 ex
517 1619 667 1650 gramma-

92 1653 161 1682 ticis
178 1652 216 1681 ad
230 1652 387 1683 Theocrit.
407 1655 465 1690 III,
488 1660 542 1691 40,
557 1662 588 1684 et
597 1657 665 1685 Ma-

92 1709 203 1728 ronem
220 1701 363 1739 sequitur
379 1707 490 1730 auctor
501 1701 615 1742 Elegia:
629 1702 666 1731 ad

92 1745 257 1774 Messalam
269 1767 276 1781 ‚
296 1747 330 1775 in
355 1746 492 1776 Catal.v.
518 1748 570 1777 25.
585 1748 664 1778 Vul-

92 1792 194 1831 gatius
207 1798 263 1827 est,
281 1802 297 1820 a
314 1794 437 1822 Venere
450 1792 544 1822 fuisse
555 1804 666 1834 appor-

94 1842 155 1865 tata
176 1837 229 1866 illa
250 1848 343 1877 poma
360 1848 368 1867 .·
387 1837 440 1867 vid
459 1838 562 1869 schol.
583 1840 621 1868 ad
637 1851 663 1870 c.

94 1882 115 1911 l.
131 1883 250 1922 Hygin.
264 1883 368 1913 f.185.
384 1884 455 1913 Alia
465 1884 503 1913 ad
513 1885 663 1925 Apollod.

95 1928 169 1957 Not.
190 1938 221 1968 p.
239 1929 316 1965 678.

133 1973 187 2002 62.
199 1974 254 2002 63.
265 1975 374 2003 Museo
383 1975 568 2012 circumdat,
576 1976 608 2006 h.
621 1987 666 2005 ca-

94 2020 159 2054 nit,
177 2019 444 2059 quemadmodum
462 2021 665 2051 Phaethontis

93 2075 216 2094 sorores
233 2075 380 2095 muscoso
401 2067 518 2095 cortice
532 2068 665 2096 circum-

94 2110 173 2139 datae
189 2117 219 2140 et
236 2112 270 2140 in
284 2111 372 2140 alnos
386 2118 514 2141 mutatae
534 2112 662 2143 fuerint.

42 2184 51 2192 ,
95 2157 215 2186 Dicunt
231 2158 314 2186 enim
332 2165 433 2198 poetae
450 2167 485 2187 ea
489 2158 576 2200 fieri,
593 2169 665 2199 quae

94 2202 182 2237 facea
206 2213 330 2234 narrare
361 2203 510 2235 volebant
529 2215 537 2242 ;
558 2212 588 2235 et
611 2206 665 2236 tri—

712 552 822 580 buitur
847 559 948 591 poetae
982 563 1016 581 ac
1051 554 1113 581 vati
1137 559 1285 593 tanquam

711 598 844 631 auctori,
856 597 889 627 id
901 598 989 637 quod
998 600 1164 639 contigisse
1181 601 1287 628 carmi-

711 654 751 672 ne
767 654 825 673 suo
835 646 967 684 exponit
985 654 992 674 2
1006 651 1043 674 ut
1053 645 1116 681 jam
1126 644 1165 673 ad
1174 656 1219 674 vs.
1233 645 1285 680 [46.

714 689 861 719 Ceterum
872 690 1076 720 Phaethontis
1084 701 1206 720 sorores
1219 701 1288 720 mu—

713 742 790 765 tatas
809 746 873 764 esse
891 737 926 766 in
941 737 1065 772 larices,
1086 738 1289 766 communior

714 781 819 809 fabula
842 781 920 818 fert3
937 782 1074 822 populos
1096 789 1202 812 noster
1224 783 1290 822 ipse

714 826 878 855 substituit
901 830 971 857 AEn.
990 829 1040 861 X,
1069 838 1150 865 ¹90›
1176 827 1232 856 ubi
1259 839 1288 857 v.

714 873 789 901 Not.
805 872 910 901 Piccas
924 872 1058 912 appellat
1072 875 1154 902 circa
1170 873 1290 902 fontem

716 916 791 946 Padi
816 918 888 946 sitas
904 941 912 954 ‚
934 917 1029 948 Pades
1057 919 1156 947 Gallis
1179 918 1287 954 dictas,

716 962 796 992 Plin.
815 963 881 999 III,
902 964 940 992 16
958 975 983 994 s.
1003 974 1044 993 20
1058 975 1074 993 e
1094 965 1289 994 Metrodoro.

717 1009 764 1036 De
779 1008 897 1038 electro
907 1032 915 1045 ‚
932 1009 1019 1049 quod
1032 1011 1185 1041 exsudare
1199 1011 1291 1041 dictae

717 1060 802 1088 sunt,
824 1055 932 1084 multis
942 1056 1043 1085 modis
1056 1058 1150 1086 statui
1164 1064 1268 1097 potest
1283 1067 1288 1086 :

717 1099 805 1138 quod
830 1101 902 1128 satis
937 1109 1074 1137 constet,
1103 1113 1171 1132 non
1196 1103 1290 1132 hahe-

718 1154 798 1174 mus.
829 1163 874 1168 —
888 1146 943 1176 63.
959 1150 1052 1187 Aque
1066 1149 1133 1177 solo
1150 1149 1287 1178 Gudian.

715 1191 759 1220 ita
777 1193 916 1221 variatur
934 1192 1017 1231 fere3
1037 1193 1089 1223 hic
1104 1201 1208 1224 tamen
1224 1205 1290 1225 non

716 1237 815 1274 male3
830 1238 888 1268 etsi
905 1249 927 1268 a
942 1249 999 1279 per
1013 1250 1045 1269 se
1058 1240 1235 1281 suppletur.

763 1283 818 1319 64.
843 1286 921 1314 Tam
940 1286 1122 1325 importuna
1144 1293 1191 1315 est
1207 1287 1290 1316 Galli

719 1332 975 1360 commemoratio
993 1332 1027 1360 in
1044 1331 1154 1361 mediis
1166 1331 1290 1368 fabulis,

719 1381 756 1404 ut
775 1386 898 1416 semper
921 1376 1089 1406 molestum
1112 1387 1237 1407 sensum
1258 1380 1292 1407 in

718 1419 768 1449 his
782 1432 842 1451 vss.
860 1421 1035 1452 habuerim.
1056 1423 1166 1453 Facilis
1189 1430 1291 1453 tamen

720 1467 840 1496 medela
865 1474 919 1503 est,
956 1469 982 1497 si
1000 1479 1109 1498 versus
1127 1476 1168 1507 74
1188 1487 1234 1491 ——
1249 1471 1286 1498 81

723 1513 810 1552 Quid
822 1513 938 1554 loquar
951 1521 1008 1544 etc.
1027 1525 1127 1555 usque
1147 1514 1185 1544 ad
1205 1515 1291 1556 Infe-

721 1558 769 1588 lix
784 1570 841 1589 sua
856 1568 938 1590 tecta
951 1561 1217 1601 supervolitaverit
1231 1562 1291 1591 alis

719 1608 924 1647 transpositos
951 1618 1016 1637 esse
1032 1607 1225 1637 intellexeris
1239 1631 1246 1644 ‚
1261 1615 1291 1636 et

719 1654 885 1683 retraxeris
908 1655 942 1683 in
962 1664 1057 1684 suum
1079 1654 1186 1683 locum
1198 1677 1205 1690 ‚
1221 1661 1292 1683 ante

719 1697 806 1728 hunc
825 1699 878 1735 64,
896 1706 995 1740 utque
1013 1707 1084 1741 post
1101 1700 1172 1729 illos
1186 1710 1294 1739 sequa-

720 1751 773 1774 tur
789 1754 796 1775 :
814 1747 891 1774 Tum
920 1745 1010 1775 canit
1038 1753 1196 1775 errantem
1232 1752 1290 1775 etc.

719 1808 765 1813 —-
800 1793 967 1821 Intertexit
993 1792 1041 1820 his
1068 1791 1185 1832 mythis
1219 1792 1293 1821 Cal-

718 1837 786 1867 lum
806 1847 900 1866 suum
921 1837 959 1866 ad
974 1839 1140 1866 Musarum
1160 1837 1293 1867 chorum

720 1883 892 1912 deductum
903 1905 910 1919 ,
930 1890 961 1912 et
985 1893 1001 1911 a
1015 1884 1094 1912 Lino
1111 1882 1216 1913 fistula
1231 1885 1293 1913 He-

719 1929 823 1958 siodea
849 1928 1002 1958 donatum
1028 1938 1035 1957 :
1056 1939 1096 1957 an
1122 1929 1194 1958 loco
1222 1931 1294 1959 satis

721 1973 899 2011 commodo,
919 1981 1003 2003 recte
1029 1973 1154 2004 dubites
1183 1984 1191 2004 :
1216 1974 1292 2005 dum

720 2019 943 2060 antiquissimis
965 2019 1060 2050 rebus
1081 2021 1294 2051 immisceatur

717 2066 814 2095 homo
834 2067 892 2095 aevi
910 2066 1086 2107 Virgiliani.
1104 2068 1164 2096 Per
1176 2078 1208 2097 se
1221 2069 1292 2107 qm*-

718 2111 789 2141 dem
812 2111 998 2153 praeclarum
1021 2120 1066 2142 est
1086 2120 1187 2152 poetae
1209 2124 1293 2143 com-

718 2165 860 2188 mentum
881 2157 920 2187 ad
934 2158 1017 2188 Galli
1033 2158 1159 2188 laudem
1184 2160 1223 2188 ab
1242 2161 1290 2188 in-

718 2205 811 2245 genio
839 2212 870 2234 et
902 2206 1025 2245 poetica
1052 2205 1208 2236 facultate.
1248 2208 1291 2235 [t
