1377 2428
551 103 671 132 LIBER
694 103 751 131 IV.

67 165 191 207 Quum
207 170 431 211 properant,
448 161 509 196 alii
527 160 682 196 taurinis
699 159 848 196 follibus
866 173 974 195 auras

64 221 269 270 Adcipiunt
290 220 543 268 redduntque3
563 220 623 255 alii
646 219 839 256 stridentia
857 219 1003 268 tingunt

63 282 152 317 AEra
169 282 268 327 lacu3
287 281 399 330 gemit
416 280 586 328 inpositis
606 279 805 316 incudibus
823 281 943 315 AEtna.

64 340 122 376 Illi
139 341 235 376 inter
254 353 331 376 sese
351 352 483 389 magna
502 339 540 374 vi
556 337 711 374 brachia
732 339 865 375 tollunt

64 401 107 434 In
122 411 337 443 numerum,
352 406 575 446 versantque
595 398 716 433 tenaci
734 397 876 446 forcipe
896 397 1046 433 ferrum.
1199 406 1244 437 175

63 459 149 494 Non
169 457 295 502 aliter,
311 457 341 493 si
357 469 472 506 parva
494 457 580 493 licet
600 469 824 505 componere
840 457 1000 505 magnis,

64 517 262 565 Cecropias
278 517 424 553 innatus
446 529 532 565 apes
549 529 654 552 amor
676 525 785 565 urget
804 515 988 559 habendi,

63 577 221 611 Munere
239 589 425 625 quamque
443 589 522 612 suo.
542 576 760 614 Grandaevis
781 576 920 626 oppida
940 587 1058 618 curae,

63 637 109 671 Et
126 636 271 671 munire
293 637 413 681 favos,
430 645 465 672 et
480 636 621 672 daedala
640 638 779 685 fingere
796 645 893 672 tecta
911 650 918 670 ;

64 697 112 730 At
131 694 232 731 fcssae
249 695 364 731 multa
383 695 550 731 referunt
567 709 604 732 se
624 703 733 731 nocte
752 696 934 739 minores,
1202 704 1245 725 180

66 754 184 789 Crura
204 753 333 802 thymo
355 754 491 802 plenae3
508 762 712 803 pascuntur
728 763 763 790 et
785 754 918 790 arbuta
935 753 1088 802 passim,

66 877 202 906 Vulcani
227 878 342 907 fabrica
366 878 501 909 ferraria.
524 879 632 907 Lentis

67 923 193 958 massis,
214 924 286 952 ferri
296 920 310 959 ,⁷
323 925 409 964 quod
435 924 571 964 procudi
597 935 631 953 ac

67 968 141 997 duci
167 976 286 1008 potest,
303 978 495 1011 properant,
520 981 632 1010 prope-

67 1021 171 1043 ranter
199 1014 391 1052 conficiunt,
430 1012 628 1053 σπεύδουσιν,

70 1057 242 1103 ἐπείγουσι,
257 1061 387 1091 fulmen.
400 1063 449 1091 Sic
461 1062 581 1091 Gallim.
599 1063 632 1091 in

69 1107 161 1135 Dian.
181 1112 222 1145 49
234 1128 242 1142 ,
258 1106 297 1135 de
324 1108 399 1146 ipsis
415 1107 610 1147 Cyclopibus
623 1116 630 1136 :

72 1149 213 1194 ἑπείγετσ
229 1149 290 1195 γὰρ
308 1151 393 1195 μέγα
404 1151 502 1195 ἔργον.
519 1154 629 1187 Lacus,

71 1205 107 1230 ut
122 1198 240 1236 fontes‚
255 1208 314 1238 pro
331 1208 409 1237 aqua
426 1200 554 1237 positus.
572 1200 634 1227 Lu-

71 1250 147 1275 cret.
172 1245 237 1279 VI,
262 1249 320 1280 147
335 1265 345 1279 ‚
371 1244 432 1278 148
461 1245 503 1272 Ut
523 1242 637 1272 calidis

70 1287 339 1329 candensfemcm
351 1299 367 1317 e
365 1287 553 1328 fhrnacibus
562 1288 637 1317 olim

72 1333 199 1369 Str-z'dz't,
221 1334 274 1363 ubi
292 1334 325 1362 in
343 1333 484 1375 gelidum
503 1344 638 1374 propere

71 1382 150 1423 (ant
172 1380 278 1419 potius
291 1387 430 1420 propter,
447 1379 523 1409 dum
539 1390 649 1423 prope

73 1428 171 1457 adstat
181 1424 277 1465 aqua)
287 1425 489 1454 demersimus
498 1425 637 1455 imbrem.

73 1476 144 1504 Hoc
167 1472 263 1512 magis
285 1472 442 1512 poeticum
453 1494 461 1508 ,
483 1482 578 1511 quam
604 1477 641 1499 ut

74 1520 162 1548 lacus
176 1518 280 1557 ipsum
293 1527 345 1546 vas
359 1518 417 1554 sit3
431 1519 478 1547 uti
492 1519 527 1546 in
542 1517 640 1546 vineis

75 1566 163 1595 lacus
179 1571 262 1594 sunt.
279 1563 372 1593 Ovid.
382 1565 460 1594 Met.
475 1565 539 1600 IX,
561 1573 572 1592 1
582 1573 640 1600 703

72 1611 182 1652 gelido
192 1620 247 1639 ceu
257 1610 417 1649 quondam
433 1608 557 1638 lamina
569 1619 643 1638 can-

77 1657 155 1686 dens
166 1656 278 1686 Tincta
288 1655 371 1691 lacu,
386 1655 499 1686 stridit.
509 1672 554 1677 ——
568 1665 580 1683 1
589 1665 604 1692 7
614 1665 626 1684 1
634 1678 641 1684 .

77 1702 178 1732 h‘dem
200 1712 310 1731 versus
332 1704 401 1731 AEn.
416 1703 514 1738 VIII,
532 1707 644 1740 449—

79 1749 157 1784 453,
175 1747 230 1777 sed
244 1747 290 1776 ibi
305 1746 603 1788 ventosisfollibm;
614 1754 645 1776 et

79 1801 204 1824 antrum
217 1803 276 1833 pro
290 1794 392 1823 AEtna
401 1817 410 1829 ,
424 1800 455 1822 et
470 1793 569 1822 multa
585 1792 622 1822 vi
631 1816 640 1828 ,

79 1847 110 1869 et
118 1838 350 1880 cenacijbrcipe
360 1849 509 1869 massam.
519 1850 583 1868 —1
592 1850 606 1877 7
615 1839 644 1868 5.

79 1887 118 1915 In
143 1895 304 1914 nmnerum
321 1893 330 1914 :
348 1884 376 1914 ἐν
401 1884 501 1927 ῥυθμῷ
514 1907 522 1920 ,
552 1883 648 1927 εὐρύθ-

81 1941 155 1974 μως.
170 1932 214 1961 Ut
234 1931 341 1970 Eclog.
354 1933 413 1967 VI,
432 1941 485 1968 27.
501 1931 649 1961 Ceterum

80 1977 168 2006 hunc
176 1976 312 2005 eundem
321 1976 429 2005 locum
437 1975 566 2005 refinxit
576 1986 650 2016 poe-

52 2039 62 2047 ·
82 2030 113 2052 ta
128 2025 198 2052 AEn.
216 2023 313 2058 VIII,
331 2027 450 2061 449-—
462 2023 538 2057 453.
557 2022 650 2052 Com-

82 2079 157 2109 para
179 2067 360 2098 callimach.
377 2069 412 2097 in
434 2068 527 2098 Dian.
549 2068 590 2107 59
605 2085 651 2090 —-

85 2115 105 2144 6
113 2125 140 2144 1.

135 2160 209 2197 176.
228 2159 429 2200 Comparatio
456 2169 523 2189 non
552 2169 653 2189 versa-

86 2213 138 2236 tur
150 2207 185 2235 in
193 2207 295 2245 specie
308 2215 404 2246 apum
413 2212 444 2235 et
456 2205 631 2246 Cyclopum
643 2227 651 2242 ,

683 880 736 909 sed
749 881 783 909 in
795 889 897 920 operae
909 877 1062 907 industria
1073 884 1189 918 ;p0etae
1199 888 1249 907 au-

685 934 747 955 tem
763 934 881 965 parte5‚
906 926 939 953 in
960 923 1021 953 hoc
1043 925 1187 964 inprimis
1202 935 1249 953 re-

684 983 754 1001 rum
775 981 902 1011 genere,
923 980 991 1009 quae
1010 980 1066 1009 per
1089 981 1120 999 se
1142 976 1250 999 tenues

684 1025 759 1047 sunt
779 1025 810 1046 et
826 1018 920 1046 exiles
931 1038 939 1052 ‚
961 1022 1124 1045 versantur
1140 1017 1174 1045 in
1194 1026 1231 1044 eo
1242 1038 1250 1051 ‚

685 1071 720 1092 ut
736 1065 772 1092 iis
791 1069 905 1092 ornatu
917 1084 924 1098 ‚
939 1061 1089 1102 dignitate
1104 1068 1135 1090 et
1152 1063 1251 1102 gravi-

686 1116 748 1138 tate
770 1118 837 1138 eam
873 1108 1008 1147 speciem
1038 1106 1163 1143 induat,
1191 1117 1251 1146 qua

686 1154 820 1194 probare
835 1165 867 1183 se
886 1164 920 1182 ac
943 1153 1095 1182 delectare
1113 1154 1252 1182 animum

688 1201 830 1240 possint:
851 1199 913 1228 hoc
936 1205 1038 1227 autem
1059 1199 1251 1237 assequitur,

689 1245 766 1274 dum
793 1243 1005 1273 animantium
1031 1243 1172 1272 actiones
1200 1242 1253 1271 hu—

691 1290 795 1319 manis
828 1289 937 1318 studc‘is
963 1295 994 1317 et
1020 1289 1160 1317 consiliis
1186 1290 1256 1317 assi-

689 1336 795 1372 milat,
823 1334 962 1373 adeoque
981 1335 1074 1363 etjam
1098 1344 1257 1373 compara-

691 1383 792 1411 tiones
817 1380 856 1409 ab
877 1379 1060 1409 hominibus
1086 1381 1198 1420 petitas
1218 1379 1257 1408 ad

691 1427 743 1456 issa
757 1427 912 1455 transfert.
928 1425 1080 1462 Accedit,
1094 1425 1180 1465 quod
1193 1432 1257 1454 tota

693 1473 836 1501 tractatio
857 1472 896 1501 de
913 1471 1025 1511 apibus
1043 1482 1102 1501 nos
1125 1472 1188 1508 jam
1208 1471 1258 1500 ad-

693 1518 824 1547 suefecit
848 1517 1036 1558 imaginibus
1057 1528 1074 1546 a
1101 1517 1195 1546 rebus
1223 1527 1258 1545 ac

693 1564 780 1600 fatis,
810 1563 953 1593 moribus
983 1563 1179 1604 ingeniisque
1200 1562 1258 1592 ho-

695 1611 815 1639 minum
826 1631 834 1646 ,
864 1609 979 1649 petitis,
995 1626 1040 1632 ·—
1054 1619 1066 1637 1
1076 1619 1127 1646 77.
1160 1610 1263 1638 Amor

695 1655 851 1690 habendi,
879 1655 912 1685 h.
940 1654 962 1684 1.
991 1654 1173 1695 acquirendi
1195 1662 1261 1684 stu-

697 1701 803 1738 dium,
821 1711 894 1730 cum
914 1701 976 1730 mel
991 1707 1111 1740 parant.
1131 1701 1263 1729 M'zmere

697 1758 751 1777 suo
762 1770 770 1784 ‚
797 1757 855 1787 pro
890 1747 1042 1786 cujusque
1069 1746 1209 1781 vicibus,
1227 1752 1264 1774 ut

702 1794 763 1823 158
792 1804 860 1833 sqq.
886 1792 1027 1832 partibus
1053 1792 1167 1831 cuique
1194 1792 1265 1820 assi-

700 1839 858 1879 gnatiS.—-
865 1848 877 1866 1
886 1849 900 1875 7
907 1849 938 1877 9.
947 1837 1059 1879 Figere
1068 1848 1150 1866 unus
1160 1836 1264 1866 Mead.

700 1885 787 1925 quod
802 1885 854 1914 hic
867 1883 1035 1925 legendum
1047 1883 1265 1924 1111131111ῖὲ111-

701 1941 807 1960 mann.
832 1932 898 1960 Sec.
922 1929 960 1958 ad
984 1929 1117 1960 Anthol.
1132 1931 1219 1965 Lat.‚
1234 1939 1267 1968 p,-

704 1978 721 2006 3
729 1988 743 2014 7
751 1977 780 2006 5.
790 1993 837 1998 —
845 1975 1070 2017 Munirefavos
1080 1998 1088 2012 ‚
1105 1975 1269 2015 pulchrius

704 2033 797 2062 quam
808 2045 816 2059 ‚
831 2021 950 2063 fingere
960 2044 968 2059 ‚
984 2023 1100 2058 faeere,
1113 2020 1269 2049 fabricari.

705 2068 845 2097 Doedala
864 2075 946 2097 tecta
966 2077 984 2097 a·
997 2068 1145 2097 Lucretio
1165 2065 1270 2095 habet.

705 2124 768 2142 ·-—1
777 2114 830 2143 80.
843 2114 954 2143 Dlzdcae
967 2112 1139 2143 Zulichem.
1154 2111 1274 2142 Laudat

705 2161 812 2190 Burm.
829 2161 935 2199 Intpp.
956 2159 994 2188 ad
1015 2161 1100 2189 Suet.
1114 2160 1198 2199 Aug.
1219 2158 1271 2196 78.

706 2205 866 2236 Drakenb.
881 2205 919 2234 ad
934 2207 1001 2236 nv.
1018 2206 1066 2242 V,
1079 2205 1132 2235 26.
1143 2222 1189 2227 —-
1200 2204 1237 2233 18
1249 2214 1273 2232 1.
