<?xml version="1.0" encoding="UTF-8"?>
<!DOCTYPE html PUBLIC "-//W3C//DTD XHTML 1.0 Transitional//EN"
    "http://www.w3.org/TR/xhtml1/DTD/xhtml1-transitional.dtd">
<html xmlns="http://www.w3.org/1999/xhtml" xml:lang="en" lang="en">
 <head>
  <title>
</title>
<meta http-equiv="Content-Type" content="text/html;charset=utf-8" />
  <meta name='ocr-system' content='tesseract 3.04.00' />
  <meta name='ocr-capabilities' content='ocr_page ocr_carea ocr_par ocr_line ocrx_word'/>
</head>
<body>
  <div class='ocr_page' id='page_1' title='image "./operahey01virguoft_0333.png"; bbox 0 0 1377 2428; ppageno 0'>
   <div class='ocr_carea' id='block_1_1' title="bbox 249 120 1036 166">
    <p class='ocr_par' dir='ltr' id='par_1_1' title="bbox 249 120 1036 166">
     <span class='ocr_line' id='line_1_1' title="bbox 249 120 1036 166; baseline -0.004 0"><span class='ocrx_word' id='word_1_1' title='bbox 249 125 293 165; x_wconf 91' lang='lat' dir='ltr'><strong>P.</strong></span> <span class='ocrx_word' id='word_1_2' title='bbox 341 123 657 166; x_wconf 90' lang='lat' dir='ltr'>VIRGILII</span> <span class='ocrx_word' id='word_1_3' title='bbox 712 120 1036 164; x_wconf 83' lang='lat' dir='ltr'><strong>MARONIS</strong></span> 
     </span>
    </p>
   </div>
   <div class='ocr_carea' id='block_1_2' title="bbox 115 288 1169 386">
    <p class='ocr_par' dir='ltr' id='par_1_2' title="bbox 115 288 1169 386">
     <span class='ocr_line' id='line_1_2' title="bbox 115 288 1169 386; baseline -0.003 -3"><span class='ocrx_word' id='word_1_4' title='bbox 115 288 1169 386; x_wconf 78' lang='lat' dir='ltr'>GEORGICON</span> 
     </span>
    </p>
   </div>
   <div class='ocr_carea' id='block_1_3' title="bbox 317 513 962 571">
    <p class='ocr_par' dir='ltr' id='par_1_3' title="bbox 317 513 962 571">
     <span class='ocr_line' id='line_1_3' title="bbox 317 513 962 571; baseline -0.005 -1"><span class='ocrx_word' id='word_1_5' title='bbox 317 514 560 571; x_wconf 82' lang='lat' dir='ltr'>LIBER</span> <span class='ocrx_word' id='word_1_6' title='bbox 603 513 962 571; x_wconf 59' lang='lat' dir='ltr'>TERTIUS</span> 
     </span>
    </p>
   </div>
   <div class='ocr_carea' id='block_1_4' title="bbox 419 904 870 939">
    <p class='ocr_par' dir='ltr' id='par_1_4' title="bbox 419 904 870 939">
     <span class='ocr_line' id='line_1_4' title="bbox 419 904 870 939; baseline -0.004 0"><span class='ocrx_word' id='word_1_7' title='bbox 419 904 870 939; x_wconf 84' lang='lat' dir='ltr'><strong>ARGUMENTUM.</strong></span> 
     </span>
    </p>
   </div>
   <div class='ocr_carea' id='block_1_5' title="bbox 27 1048 1255 2141">
    <p class='ocr_par' dir='ltr' id='par_1_5' title="bbox 48 1048 1242 1277">
     <span class='ocr_line' id='line_1_5' title="bbox 93 1048 1242 1089; baseline -0.003 -10"><span class='ocrx_word' id='word_1_8' title='bbox 93 1054 249 1081; x_wconf 70' lang='lat' dir='ltr'><strong>Oanrrtm</strong></span> <span class='ocrx_word' id='word_1_9' title='bbox 267 1055 358 1089; x_wconf 83' lang='lat' dir='ltr'><strong>poeta</strong></span> <span class='ocrx_word' id='word_1_10' title='bbox 377 1048 497 1078; x_wconf 88' lang='lat' dir='ltr'><strong>librum</strong></span> <span class='ocrx_word' id='word_1_11' title='bbox 522 1048 560 1077; x_wconf 89' lang='lat' dir='ltr'><strong>ab</strong></span> <span class='ocrx_word' id='word_1_12' title='bbox 580 1048 779 1087; x_wconf 80' lang='lat' dir='ltr'>expositione</span> <span class='ocrx_word' id='word_1_13' title='bbox 803 1048 979 1088; x_wconf 80' lang='lat' dir='ltr'><strong>arg-umenti</strong></span> <span class='ocrx_word' id='word_1_14' title='bbox 1002 1057 1013 1076; x_wconf 93' lang='lat'>1</span> <span class='ocrx_word' id='word_1_15' title='bbox 1027 1070 1034 1083; x_wconf 92' lang='lat'>,</span> <span class='ocrx_word' id='word_1_16' title='bbox 1054 1056 1092 1083; x_wconf 79' lang='lat'><strong>23</strong></span> <span class='ocrx_word' id='word_1_17' title='bbox 1110 1051 1242 1075; x_wconf 79' lang='lat' dir='ltr'><strong>tractare</strong></span> 
     </span>
     <span class='ocr_line' id='line_1_6' title="bbox 48 1110 1242 1154; baseline -0.003 -12"><span class='ocrx_word' id='word_1_18' title='bbox 48 1124 79 1142; x_wconf 81' lang='lat' dir='ltr'><strong>se</strong></span> <span class='ocrx_word' id='word_1_19' title='bbox 103 1120 322 1154; x_wconf 82' lang='lat' dir='ltr'><strong>argumentum</strong></span> <span class='ocrx_word' id='word_1_20' title='bbox 347 1112 386 1141; x_wconf 89' lang='lat' dir='ltr'><strong>ab</strong></span> <span class='ocrx_word' id='word_1_21' title='bbox 410 1111 476 1141; x_wconf 83' lang='lat' dir='ltr'><strong>aliis</strong></span> <span class='ocrx_word' id='word_1_22' title='bbox 499 1112 670 1149; x_wconf 84' lang='lat' dir='ltr'><strong>intactum,</strong></span> <span class='ocrx_word' id='word_1_23' title='bbox 697 1111 781 1141; x_wconf 87' lang='lat' dir='ltr'><strong>unde</strong></span> <span class='ocrx_word' id='word_1_24' title='bbox 805 1121 921 1141; x_wconf 78' lang='lat' dir='ltr'><strong>novam</strong></span> <span class='ocrx_word' id='word_1_25' title='bbox 945 1110 1071 1139; x_wconf 88' lang='lat' dir='ltr'><strong>laudem</strong></span> <span class='ocrx_word' id='word_1_26' title='bbox 1098 1111 1242 1139; x_wconf 84' lang='lat' dir='ltr'><strong>Mantuae</strong></span> 
     </span>
     <span class='ocr_line' id='line_1_7' title="bbox 48 1171 1242 1216; baseline -0.003 -12"><span class='ocrx_word' id='word_1_27' title='bbox 48 1186 111 1204; x_wconf 83' lang='lat' dir='ltr'><strong>suae</strong></span> <span class='ocrx_word' id='word_1_28' title='bbox 126 1176 166 1206; x_wconf 89' lang='lat' dir='ltr'><strong>sit</strong></span> <span class='ocrx_word' id='word_1_29' title='bbox 181 1182 348 1216; x_wconf 79' lang='lat' dir='ltr'><strong>paraturus</strong></span> <span class='ocrx_word' id='word_1_30' title='bbox 369 1191 415 1197; x_wconf 85' lang='lat'><strong>-·</strong></span> <span class='ocrx_word' id='word_1_31' title='bbox 428 1175 479 1214; x_wconf 80' lang='lat'><strong>39.</strong></span> <span class='ocrx_word' id='word_1_32' title='bbox 499 1173 577 1203; x_wconf 90' lang='lat' dir='ltr'><strong>Inde</strong></span> <span class='ocrx_word' id='word_1_33' title='bbox 593 1173 732 1203; x_wconf 82' lang='lat' dir='ltr'><strong>favorem</strong></span> <span class='ocrx_word' id='word_1_34' title='bbox 756 1184 793 1203; x_wconf 88' lang='lat' dir='ltr'><strong>ac</strong></span> <span class='ocrx_word' id='word_1_35' title='bbox 816 1173 959 1203; x_wconf 86' lang='lat' dir='ltr'><strong>studium</strong></span> <span class='ocrx_word' id='word_1_36' title='bbox 977 1173 1160 1203; x_wconf 67' lang='lat' dir='ltr'><strong>Maecenatis</strong></span> <span class='ocrx_word' id='word_1_37' title='bbox 1182 1171 1242 1201; x_wconf 84' lang='lat' dir='ltr'>sibi</span> 
     </span>
     <span class='ocr_line' id='line_1_8' title="bbox 48 1237 296 1277; baseline 0.004 -12"><span class='ocrx_word' id='word_1_38' title='bbox 48 1237 168 1277; x_wconf 80' lang='lat' dir='ltr'>expetit</span> <span class='ocrx_word' id='word_1_39' title='bbox 180 1254 226 1259; x_wconf 92' lang='lat'><strong>——-</strong></span> <span class='ocrx_word' id='word_1_40' title='bbox 243 1237 284 1273; x_wconf 85' lang='grc'><strong>43</strong></span> <span class='ocrx_word' id='word_1_41' title='bbox 290 1260 296 1266; x_wconf 96' lang='grc'>.</span> 
     </span>
    </p>

    <p class='ocr_par' dir='ltr' id='par_1_6' title="bbox 48 1299 1255 2016">
     <span class='ocr_line' id='line_1_9' title="bbox 93 1299 1255 1345; baseline -0.003 -12"><span class='ocrx_word' id='word_1_42' title='bbox 93 1303 239 1334; x_wconf 81' lang='lat' dir='ltr'><strong>Procedit</strong></span> <span class='ocrx_word' id='word_1_43' title='bbox 262 1303 434 1344; x_wconf 86' lang='lat' dir='ltr'><strong>praeeeptio</strong></span> <span class='ocrx_word' id='word_1_44' title='bbox 461 1312 478 1330; x_wconf 83' lang='lat' dir='ltr'><strong>a</strong></span> <span class='ocrx_word' id='word_1_45' title='bbox 502 1301 602 1332; x_wconf 81' lang='lat' dir='ltr'><strong>fetura</strong></span> <span class='ocrx_word' id='word_1_46' title='bbox 621 1308 847 1332; x_wconf 83' lang='lat' dir='ltr'><strong>armentorum.</strong></span> <span class='ocrx_word' id='word_1_47' title='bbox 873 1300 1025 1343; x_wconf 82' lang='lat' dir='ltr'><strong>Legendae</strong></span> <span class='ocrx_word' id='word_1_48' title='bbox 1047 1300 1152 1340; x_wconf 87' lang='lat' dir='ltr'><strong>primo</strong></span> <span class='ocrx_word' id='word_1_49' title='bbox 1171 1299 1255 1345; x_wconf 31' lang='lat' dir='ltr'><strong>loco-</strong></span> 
     </span>
     <span class='ocr_line' id='line_1_10' title="bbox 48 1360 1243 1400; baseline -0.004 -6"><span class='ocrx_word' id='word_1_50' title='bbox 48 1364 142 1394; x_wconf 80' lang='lat' dir='ltr'><strong>honae</strong></span> <span class='ocrx_word' id='word_1_51' title='bbox 166 1371 295 1400; x_wconf 83' lang='lat' dir='ltr'><strong>matres3</strong></span> <span class='ocrx_word' id='word_1_52' title='bbox 318 1370 402 1393; x_wconf 83' lang='lat' dir='ltr'><strong>notae</strong></span> <span class='ocrx_word' id='word_1_53' title='bbox 427 1362 585 1392; x_wconf 87' lang='lat' dir='ltr'><strong>bonarum</strong></span> <span class='ocrx_word' id='word_1_54' title='bbox 604 1371 773 1390; x_wconf 81' lang='lat' dir='ltr'><strong>vaccarum</strong></span> <span class='ocrx_word' id='word_1_55' title='bbox 788 1378 835 1383; x_wconf 89' lang='lat'><strong>——</strong></span> <span class='ocrx_word' id='word_1_56' title='bbox 849 1361 909 1397; x_wconf 81' lang='lat'><strong>623</strong></span> <span class='ocrx_word' id='word_1_57' title='bbox 934 1360 1105 1390; x_wconf 84' lang='lat' dir='ltr'><strong>admissura</strong></span> <span class='ocrx_word' id='word_1_58' title='bbox 1127 1360 1170 1389; x_wconf 84' lang='lat' dir='ltr'><strong>ita</strong></span> <span class='ocrx_word' id='word_1_59' title='bbox 1189 1369 1243 1389; x_wconf 90' lang='lat' dir='ltr'><strong>cu-</strong></span> 
     </span>
     <span class='ocr_line' id='line_1_11' title="bbox 48 1423 1245 1462; baseline -0.003 -7"><span class='ocrx_word' id='word_1_60' title='bbox 48 1425 163 1462; x_wconf 89' lang='lat' dir='ltr'><strong>randa,</strong></span> <span class='ocrx_word' id='word_1_61' title='bbox 183 1432 219 1454; x_wconf 88' lang='lat' dir='ltr'><strong>ut</strong></span> <span class='ocrx_word' id='word_1_62' title='bbox 242 1432 272 1454; x_wconf 86' lang='lat' dir='ltr'><strong>et</strong></span> <span class='ocrx_word' id='word_1_63' title='bbox 289 1425 347 1454; x_wconf 90' lang='lat' dir='ltr'><strong>bos</strong></span> <span class='ocrx_word' id='word_1_64' title='bbox 371 1432 401 1454; x_wconf 86' lang='lat' dir='ltr'><strong>et</strong></span> <span class='ocrx_word' id='word_1_65' title='bbox 425 1432 532 1454; x_wconf 87' lang='lat' dir='ltr'><strong>taurus</strong></span> <span class='ocrx_word' id='word_1_66' title='bbox 554 1425 589 1453; x_wconf 90' lang='lat' dir='ltr'><strong>in</strong></span> <span class='ocrx_word' id='word_1_67' title='bbox 605 1424 735 1461; x_wconf 75' lang='lat' dir='ltr'><strong>juventa</strong></span> <span class='ocrx_word' id='word_1_68' title='bbox 754 1423 922 1452; x_wconf 82' lang='lat' dir='ltr'><strong>constituti</strong></span> <span class='ocrx_word' id='word_1_69' title='bbox 943 1423 1007 1451; x_wconf 86' lang='lat' dir='ltr'><strong>siut</strong></span> <span class='ocrx_word' id='word_1_70' title='bbox 1020 1439 1066 1460; x_wconf 58' lang='grc' dir='ltr'><strong>-ς-</strong></span> <span class='ocrx_word' id='word_1_71' title='bbox 1083 1432 1135 1460; x_wconf 85' lang='lat'><strong>71.</strong></span> <span class='ocrx_word' id='word_1_72' title='bbox 1153 1423 1245 1452; x_wconf 83' lang='lat' dir='ltr'><strong>Notae</strong></span> 
     </span>
     <span class='ocr_line' id='line_1_12' title="bbox 48 1484 1245 1529; baseline -0.003 -12"><span class='ocrx_word' id='word_1_73' title='bbox 48 1490 122 1527; x_wconf 80' lang='lat' dir='ltr'><strong>equi</strong></span> <span class='ocrx_word' id='word_1_74' title='bbox 138 1484 280 1529; x_wconf 82' lang='lat' dir='ltr'><strong>generosi</strong></span> <span class='ocrx_word' id='word_1_75' title='bbox 298 1494 329 1516; x_wconf 91' lang='lat' dir='ltr'><strong>et</strong></span> <span class='ocrx_word' id='word_1_76' title='bbox 347 1485 385 1516; x_wconf 90' lang='lat' dir='ltr'><strong>ad</strong></span> <span class='ocrx_word' id='word_1_77' title='bbox 403 1486 607 1516; x_wconf 84' lang='lat' dir='ltr'><strong>admissuram</strong></span> <span class='ocrx_word' id='word_1_78' title='bbox 629 1485 737 1515; x_wconf 85' lang='lat' dir='ltr'><strong>idonei</strong></span> <span class='ocrx_word' id='word_1_79' title='bbox 752 1502 797 1508; x_wconf 81' lang='lat'><strong>—-</strong></span> <span class='ocrx_word' id='word_1_80' title='bbox 821 1495 895 1515; x_wconf 87' lang='lat'><strong>122.</strong></span> <span class='ocrx_word' id='word_1_81' title='bbox 913 1486 994 1515; x_wconf 91' lang='lat' dir='ltr'><strong>Tum</strong></span> <span class='ocrx_word' id='word_1_82' title='bbox 1011 1496 1062 1522; x_wconf 86' lang='lat' dir='ltr'><strong>ea,</strong></span> <span class='ocrx_word' id='word_1_83' title='bbox 1087 1494 1159 1525; x_wconf 81' lang='lat' dir='ltr'><strong>quae</strong></span> <span class='ocrx_word' id='word_1_84' title='bbox 1175 1490 1245 1515; x_wconf 84' lang='lat' dir='ltr'><strong>ante</strong></span> 
     </span>
     <span class='ocr_line' id='line_1_13' title="bbox 49 1545 1246 1586; baseline -0.003 -8"><span class='ocrx_word' id='word_1_85' title='bbox 49 1549 252 1578; x_wconf 77' lang='lat' dir='ltr'><strong>admissuram</strong></span> <span class='ocrx_word' id='word_1_86' title='bbox 279 1555 354 1577; x_wconf 89' lang='lat' dir='ltr'><strong>sunt</strong></span> <span class='ocrx_word' id='word_1_87' title='bbox 381 1547 519 1577; x_wconf 66' lang='lat' dir='ltr'><strong>curanda</strong></span> <span class='ocrx_word' id='word_1_88' title='bbox 542 1565 587 1570; x_wconf 90' lang='lat'><strong>—-</strong></span> <span class='ocrx_word' id='word_1_89' title='bbox 616 1548 690 1584; x_wconf 78' lang='lat'><em>137.</em></span> <span class='ocrx_word' id='word_1_90' title='bbox 714 1548 796 1577; x_wconf 82' lang='lat' dir='ltr'><strong>Cura</strong></span> <span class='ocrx_word' id='word_1_91' title='bbox 814 1553 951 1576; x_wconf 78' lang='lat' dir='ltr'><strong>matrum</strong></span> <span class='ocrx_word' id='word_1_92' title='bbox 976 1545 1177 1586; x_wconf 77' lang='lat' dir='ltr'><strong>gravidarum</strong></span> <span class='ocrx_word' id='word_1_93' title='bbox 1201 1563 1246 1568; x_wconf 81' lang='grc'><strong>--</strong></span> 
     </span>
     <span class='ocr_line' id='line_1_14' title="bbox 54 1606 1247 1648; baseline -0.004 -9"><span class='ocrx_word' id='word_1_94' title='bbox 54 1611 127 1640; x_wconf 76' lang='lat'><strong>156.</strong></span> <span class='ocrx_word' id='word_1_95' title='bbox 146 1610 227 1640; x_wconf 89' lang='lat' dir='ltr'><strong>Cura</strong></span> <span class='ocrx_word' id='word_1_96' title='bbox 250 1608 423 1638; x_wconf 88' lang='lat' dir='ltr'><strong>vitulorum</strong></span> <span class='ocrx_word' id='word_1_97' title='bbox 438 1625 484 1630; x_wconf 92' lang='grc'><strong>--</strong></span> <span class='ocrx_word' id='word_1_98' title='bbox 507 1607 581 1645; x_wconf 73' lang='lat'>178.</span> <span class='ocrx_word' id='word_1_99' title='bbox 600 1608 681 1637; x_wconf 85' lang='lat' dir='ltr'><strong>Cura</strong></span> <span class='ocrx_word' id='word_1_100' title='bbox 697 1608 861 1648; x_wconf 86' lang='lat' dir='ltr'><strong>pullorum</strong></span> <span class='ocrx_word' id='word_1_101' title='bbox 878 1607 1070 1647; x_wconf 87' lang='lat' dir='ltr'><strong>equinorum</strong></span> <span class='ocrx_word' id='word_1_102' title='bbox 1091 1624 1138 1629; x_wconf 87' lang='lat'><strong>——</strong></span> <span class='ocrx_word' id='word_1_103' title='bbox 1158 1606 1222 1635; x_wconf 83' lang='lat'><strong>208</strong></span> <span class='ocrx_word' id='word_1_104' title='bbox 1239 1617 1247 1643; x_wconf 88' lang='lat'>;</span> 
     </span>
     <span class='ocr_line' id='line_1_15' title="bbox 49 1669 1247 1715; baseline -0.005 -11"><span class='ocrx_word' id='word_1_105' title='bbox 49 1675 194 1715; x_wconf 78' lang='lat' dir='ltr'><strong>inprimis</strong></span> <span class='ocrx_word' id='word_1_106' title='bbox 216 1672 343 1702; x_wconf 81' lang='lat' dir='ltr'><strong>arcendi</strong></span> <span class='ocrx_word' id='word_1_107' title='bbox 359 1672 406 1702; x_wconf 87' lang='lat' dir='ltr'><strong>illi</strong></span> <span class='ocrx_word' id='word_1_108' title='bbox 422 1682 437 1701; x_wconf 94' lang='lat' dir='ltr'><strong>a</strong></span> <span class='ocrx_word' id='word_1_109' title='bbox 453 1672 550 1701; x_wconf 88' lang='lat' dir='ltr'><strong>nimia</strong></span> <span class='ocrx_word' id='word_1_110' title='bbox 567 1672 692 1700; x_wconf 87' lang='lat' dir='ltr'><strong>Venere</strong></span> <span class='ocrx_word' id='word_1_111' title='bbox 710 1680 717 1700; x_wconf 88' lang='lat'>:</span> <span class='ocrx_word' id='word_1_112' title='bbox 742 1672 825 1700; x_wconf 89' lang='lat' dir='ltr'><strong>inter</strong></span> <span class='ocrx_word' id='word_1_113' title='bbox 840 1681 912 1710; x_wconf 78' lang='lat' dir='ltr'><strong>quae</strong></span> <span class='ocrx_word' id='word_1_114' title='bbox 930 1670 1038 1700; x_wconf 85' lang='lat' dir='ltr'><strong>locum</strong></span> <span class='ocrx_word' id='word_1_115' title='bbox 1059 1669 1098 1699; x_wconf 89' lang='lat' dir='ltr'><strong>de</strong></span> <span class='ocrx_word' id='word_1_116' title='bbox 1113 1669 1247 1699; x_wconf 81' lang='lat' dir='ltr'><strong>Veneris</strong></span> 
     </span>
     <span class='ocr_line' id='line_1_16' title="bbox 48 1732 1246 1774; baseline -0.004 -10"><span class='ocrx_word' id='word_1_117' title='bbox 48 1734 238 1764; x_wconf 82' lang='lat' dir='ltr'><strong>stimulantis</strong></span> <span class='ocrx_word' id='word_1_118' title='bbox 262 1733 368 1763; x_wconf 85' lang='lat' dir='ltr'><strong>furore</strong></span> <span class='ocrx_word' id='word_1_119' title='bbox 394 1733 595 1774; x_wconf 86' lang='lat' dir='ltr'><strong>persequitur</strong></span> <span class='ocrx_word' id='word_1_120' title='bbox 610 1749 656 1755; x_wconf 85' lang='lat'><strong>—-</strong></span> <span class='ocrx_word' id='word_1_121' title='bbox 675 1732 752 1762; x_wconf 84' lang='lat'><strong>282.</strong></span> <span class='ocrx_word' id='word_1_122' title='bbox 780 1734 853 1761; x_wconf 91' lang='lat' dir='ltr'><strong>Post</strong></span> <span class='ocrx_word' id='word_1_123' title='bbox 880 1742 988 1761; x_wconf 87' lang='lat' dir='ltr'><strong>curam</strong></span> <span class='ocrx_word' id='word_1_124' title='bbox 1012 1737 1246 1767; x_wconf 86' lang='lat' dir='ltr'><strong>armentorum,</strong></span> 
     </span>
     <span class='ocr_line' id='line_1_17' title="bbox 48 1793 1247 1837; baseline -0.003 -10"><span class='ocrx_word' id='word_1_125' title='bbox 48 1797 250 1837; x_wconf 81' lang='lat' dir='ltr'><strong>progreditur</strong></span> <span class='ocrx_word' id='word_1_126' title='bbox 266 1795 304 1826; x_wconf 87' lang='lat' dir='ltr'><strong>ad</strong></span> <span class='ocrx_word' id='word_1_127' title='bbox 324 1806 431 1825; x_wconf 82' lang='lat' dir='ltr'><strong>curam</strong></span> <span class='ocrx_word' id='word_1_128' title='bbox 446 1794 606 1837; x_wconf 86' lang='lat' dir='ltr'><strong>pecudum</strong></span> <span class='ocrx_word' id='word_1_129' title='bbox 622 1804 629 1825; x_wconf 89' lang='lat'><strong>:</strong></span> <span class='ocrx_word' id='word_1_130' title='bbox 651 1806 723 1824; x_wconf 89' lang='lat' dir='ltr'><strong>cum</strong></span> <span class='ocrx_word' id='word_1_131' title='bbox 741 1795 927 1836; x_wconf 83' lang='lat' dir='ltr'><strong>praefatione</strong></span> <span class='ocrx_word' id='word_1_132' title='bbox 943 1805 1038 1835; x_wconf 87' lang='lat' dir='ltr'><strong>super</strong></span> <span class='ocrx_word' id='word_1_133' title='bbox 1060 1793 1247 1824; x_wconf 80' lang='lat' dir='ltr'><strong>difficultate</strong></span> 
     </span>
     <span class='ocr_line' id='line_1_18' title="bbox 49 1856 1246 1898; baseline -0.002 -10"><span class='ocrx_word' id='word_1_134' title='bbox 49 1859 226 1898; x_wconf 84' lang='lat' dir='ltr'><strong>argumenti</strong></span> <span class='ocrx_word' id='word_1_135' title='bbox 248 1869 320 1888; x_wconf 88' lang='lat' dir='ltr'><strong>cum</strong></span> <span class='ocrx_word' id='word_1_136' title='bbox 342 1858 493 1898; x_wconf 83' lang='lat' dir='ltr'><strong>dignitate</strong></span> <span class='ocrx_word' id='word_1_137' title='bbox 517 1857 732 1898; x_wconf 81' lang='lat' dir='ltr'><strong>pertractandi</strong></span> <span class='ocrx_word' id='word_1_138' title='bbox 754 1875 799 1880; x_wconf 83' lang='lat'><strong>-—</strong></span> <span class='ocrx_word' id='word_1_139' title='bbox 815 1863 891 1897; x_wconf 78' lang='lat'><strong>294.</strong></span> <span class='ocrx_word' id='word_1_140' title='bbox 917 1858 1023 1887; x_wconf 87' lang='lat' dir='ltr'><strong>Primo</strong></span> <span class='ocrx_word' id='word_1_141' title='bbox 1039 1856 1078 1886; x_wconf 90' lang='lat' dir='ltr'><strong>de</strong></span> <span class='ocrx_word' id='word_1_142' title='bbox 1095 1867 1129 1886; x_wconf 83' lang='lat' dir='ltr'><strong>ea</strong></span> <span class='ocrx_word' id='word_1_143' title='bbox 1154 1867 1246 1894; x_wconf 84' lang='lat' dir='ltr'><strong>cura,</strong></span> 
     </span>
     <span class='ocr_line' id='line_1_19' title="bbox 49 1917 1247 1961; baseline -0.001 -12"><span class='ocrx_word' id='word_1_144' title='bbox 49 1930 118 1960; x_wconf 86' lang='lat' dir='ltr'><strong>quae</strong></span> <span class='ocrx_word' id='word_1_145' title='bbox 134 1919 173 1949; x_wconf 87' lang='lat' dir='ltr'><strong>ad</strong></span> <span class='ocrx_word' id='word_1_146' title='bbox 195 1920 333 1961; x_wconf 86' lang='lat' dir='ltr'><strong>pecudes</strong></span> <span class='ocrx_word' id='word_1_147' title='bbox 357 1920 391 1949; x_wconf 90' lang='lat' dir='ltr'><strong>in</strong></span> <span class='ocrx_word' id='word_1_148' title='bbox 415 1919 546 1949; x_wconf 82' lang='lat' dir='ltr'><strong>stabulis</strong></span> <span class='ocrx_word' id='word_1_149' title='bbox 563 1919 724 1950; x_wconf 82' lang='lat' dir='ltr'><strong>habendas</strong></span> <span class='ocrx_word' id='word_1_150' title='bbox 741 1926 860 1960; x_wconf 84' lang='lat' dir='ltr'><strong>spectat</strong></span> <span class='ocrx_word' id='word_1_151' title='bbox 873 1937 918 1942; x_wconf 77' lang='lat'><strong>-—</strong></span> <span class='ocrx_word' id='word_1_152' title='bbox 937 1920 1020 1955; x_wconf 79' lang='lat'><em>3213</em></span> <span class='ocrx_word' id='word_1_153' title='bbox 1037 1925 1106 1948; x_wconf 93' lang='lat' dir='ltr'><strong>tum</strong></span> <span class='ocrx_word' id='word_1_154' title='bbox 1123 1917 1161 1948; x_wconf 89' lang='lat' dir='ltr'><strong>de</strong></span> <span class='ocrx_word' id='word_1_155' title='bbox 1179 1929 1247 1959; x_wconf 84' lang='lat' dir='ltr'><strong>pas·</strong></span> 
     </span>
     <span class='ocr_line' id='line_1_20' title="bbox 49 1978 1247 2016; baseline 0 -8"><span class='ocrx_word' id='word_1_156' title='bbox 49 1981 134 2010; x_wconf 89' lang='lat' dir='ltr'><strong>tione</strong></span> <span class='ocrx_word' id='word_1_157' title='bbox 147 2003 156 2015; x_wconf 91' lang='lat'><em>,</em></span> <span class='ocrx_word' id='word_1_158' title='bbox 171 1990 243 2009; x_wconf 80' lang='lat' dir='ltr'><strong>vere</strong></span> <span class='ocrx_word' id='word_1_159' title='bbox 267 1986 338 2009; x_wconf 83' lang='lat' dir='ltr'><strong>orto</strong></span> <span class='ocrx_word' id='word_1_160' title='bbox 353 2002 362 2016; x_wconf 92' lang='lat'>‚</span> <span class='ocrx_word' id='word_1_161' title='bbox 395 1990 468 2009; x_wconf 90' lang='lat' dir='ltr'><strong>cum</strong></span> <span class='ocrx_word' id='word_1_162' title='bbox 490 1980 678 2009; x_wconf 85' lang='lat' dir='ltr'><strong>excursione</strong></span> <span class='ocrx_word' id='word_1_163' title='bbox 703 1979 737 2008; x_wconf 88' lang='lat' dir='ltr'><strong>in</strong></span> <span class='ocrx_word' id='word_1_164' title='bbox 761 1979 974 2009; x_wconf 85' lang='lat' dir='ltr'><strong>narrationem</strong></span> <span class='ocrx_word' id='word_1_165' title='bbox 992 1978 1030 2008; x_wconf 89' lang='lat' dir='ltr'><strong>de</strong></span> <span class='ocrx_word' id='word_1_166' title='bbox 1049 1978 1247 2009; x_wconf 80' lang='lat' dir='ltr'><strong>Nomadibus</strong></span> 
     </span>
    </p>

    <p class='ocr_par' dir='ltr' id='par_1_7' title="bbox 27 2040 1249 2141">
     <span class='ocr_line' id='line_1_21' title="bbox 27 2040 1249 2082; baseline -0.002 -10"><span class='ocrx_word' id='word_1_167' title='bbox 27 2042 37 2050; x_wconf 84' lang='grc'><strong>”</strong></span> <span class='ocrx_word' id='word_1_168' title='bbox 49 2043 135 2072; x_wconf 79' lang='lat' dir='ltr'><strong>Afris</strong></span> <span class='ocrx_word' id='word_1_169' title='bbox 152 2049 183 2072; x_wconf 89' lang='lat' dir='ltr'><strong>et</strong></span> <span class='ocrx_word' id='word_1_170' title='bbox 204 2041 330 2082; x_wconf 83' lang='lat' dir='ltr'><strong>Scythis</strong></span> <span class='ocrx_word' id='word_1_171' title='bbox 348 2059 393 2064; x_wconf 85' lang='lat'><strong>--</strong></span> <span class='ocrx_word' id='word_1_172' title='bbox 414 2042 498 2079; x_wconf 76' lang='lat'><strong>3833</strong></span> <span class='ocrx_word' id='word_1_173' title='bbox 523 2048 680 2082; x_wconf 83' lang='lat' dir='ltr'><strong>praecepta</strong></span> <span class='ocrx_word' id='word_1_174' title='bbox 704 2041 742 2071; x_wconf 92' lang='lat' dir='ltr'><strong>de</strong></span> <span class='ocrx_word' id='word_1_175' title='bbox 761 2040 866 2071; x_wconf 89' lang='lat' dir='ltr'><strong>studio</strong></span> <span class='ocrx_word' id='word_1_176' title='bbox 882 2041 1027 2071; x_wconf 85' lang='lat' dir='ltr'><strong>lanarum</strong></span> <span class='ocrx_word' id='word_1_177' title='bbox 1041 2058 1088 2064; x_wconf 90' lang='lat'><strong>—-</strong></span> <span class='ocrx_word' id='word_1_178' title='bbox 1105 2041 1169 2081; x_wconf 82' lang='lat'><strong>393</strong></span> <span class='ocrx_word' id='word_1_179' title='bbox 1183 2063 1192 2078; x_wconf 86' lang='lat'>‚</span> <span class='ocrx_word' id='word_1_180' title='bbox 1217 2047 1249 2070; x_wconf 83' lang='lat' dir='ltr'><strong>et</strong></span> 
     </span>
     <span class='ocr_line' id='line_1_22' title="bbox 47 2102 1247 2141; baseline -0.002 -7"><span class='ocrx_word' id='word_1_181' title='bbox 47 2105 136 2134; x_wconf 84' lang='lat' dir='ltr'><strong>lactis</strong></span> <span class='ocrx_word' id='word_1_182' title='bbox 150 2122 196 2127; x_wconf 90' lang='lat'><strong>—-</strong></span> <span class='ocrx_word' id='word_1_183' title='bbox 214 2104 290 2141; x_wconf 80' lang='grc'><strong>403.</strong></span> <span class='ocrx_word' id='word_1_184' title='bbox 318 2104 401 2134; x_wconf 90' lang='lat' dir='ltr'><strong>Cura</strong></span> <span class='ocrx_word' id='word_1_185' title='bbox 426 2114 543 2133; x_wconf 86' lang='lat' dir='ltr'><strong>cauum</strong></span> <span class='ocrx_word' id='word_1_186' title='bbox 557 2121 604 2126; x_wconf 90' lang='lat'><strong>—-</strong></span> <span class='ocrx_word' id='word_1_187' title='bbox 625 2110 702 2140; x_wconf 74' lang='lat'><strong>412.</strong></span> <span class='ocrx_word' id='word_1_188' title='bbox 729 2104 855 2133; x_wconf 82' lang='lat' dir='ltr'><strong>Monita</strong></span> <span class='ocrx_word' id='word_1_189' title='bbox 873 2102 912 2133; x_wconf 89' lang='lat' dir='ltr'><strong>de</strong></span> <span class='ocrx_word' id='word_1_190' title='bbox 938 2102 1084 2133; x_wconf 82' lang='lat' dir='ltr'><strong>cavendis</strong></span> <span class='ocrx_word' id='word_1_191' title='bbox 1106 2103 1247 2132; x_wconf 85' lang='lat' dir='ltr'><strong>animan-</strong></span> 
     </span>
    </p>
   </div>
   <div class='ocr_carea' id='block_1_6' title="bbox 50 2164 1246 2205">
    <p class='ocr_par' dir='ltr' id='par_1_8' title="bbox 50 2164 1246 2205">
     <span class='ocr_line' id='line_1_23' title="bbox 50 2164 1246 2205; baseline -0.002 -9"><span class='ocrx_word' id='word_1_192' title='bbox 50 2165 135 2203; x_wconf 76' lang='lat' dir='ltr'><strong>tibus</strong></span> <span class='ocrx_word' id='word_1_193' title='bbox 156 2166 263 2196; x_wconf 78' lang='lat' dir='ltr'><strong>noxiis</strong></span> <span class='ocrx_word' id='word_1_194' title='bbox 279 2183 325 2188; x_wconf 92' lang='lat'><strong>--</strong></span> <span class='ocrx_word' id='word_1_195' title='bbox 346 2166 428 2205; x_wconf 82' lang='grc'><strong>439,</strong></span> <span class='ocrx_word' id='word_1_196' title='bbox 448 2172 479 2195; x_wconf 86' lang='lat' dir='ltr'><strong>et</strong></span> <span class='ocrx_word' id='word_1_197' title='bbox 500 2164 538 2195; x_wconf 87' lang='lat' dir='ltr'><strong>de</strong></span> <span class='ocrx_word' id='word_1_198' title='bbox 561 2164 737 2196; x_wconf 82' lang='lat' dir='ltr'><strong>avertendis</strong></span> <span class='ocrx_word' id='word_1_199' title='bbox 754 2165 873 2196; x_wconf 85' lang='lat' dir='ltr'><strong>morbis</strong></span> <span class='ocrx_word' id='word_1_200' title='bbox 890 2183 934 2189; x_wconf 91' lang='lat'><strong>-—</strong></span> <span class='ocrx_word' id='word_1_201' title='bbox 953 2172 992 2204; x_wconf 83' lang='grc'><strong>47</strong></span> <span class='ocrx_word' id='word_1_202' title='bbox 1001 2166 1030 2196; x_wconf 85' lang='lat'><strong>3.</strong></span> <span class='ocrx_word' id='word_1_203' title='bbox 1055 2167 1102 2195; x_wconf 85' lang='lat' dir='ltr'><strong>Ita</strong></span> <span class='ocrx_word' id='word_1_204' title='bbox 1126 2164 1246 2195; x_wconf 84' lang='lat' dir='ltr'><strong>aditum</strong></span> 
     </span>
    </p>
   </div>
  </div>
 </body>
</html>
