1408 2428
591 83 711 113 LIBER
735 83 760 112 Ι.

1209 88 1269 107 211

83 145 211 189 Quum
227 151 340 192 caput
356 142 516 180 obscura
532 140 694 178 nitidum
712 137 902 188 ferrugine
920 138 1031 184 texit,

83 203 265 253 Inpiaque
281 212 456 240 aeternam
476 201 680 237 timuerunt
699 200 832 236 saecula
852 209 1010 236 noctem.

82 267 267 313 Tempore
282 275 507 313 quamquam
524 261 587 298 illo
604 261 711 297 tellus
728 272 898 309 quoque,
919 269 955 296 et
975 271 1128 308 aequora
1144 257 1248 308 ponti
1263 286 1272 301 ‚

84 323 323 372 Obscenique
339 336 465 367 canes,
485 322 773 371 inportunaeque
793 320 982 365 volucres,
1225 330 1274 359 470

86 383 198 433 Signa
216 383 365 420 dabant.
383 382 541 429 Quoties
561 382 769 431 Cyclopum
789 380 973 417 effervere
991 379 1030 415 in
1051 390 1160 429 agros

84 443 252 480 Vidimus
274 443 474 479 undantem
491 442 610 490 ruptis
629 439 844 477 fornacibus
860 441 1009 476 AEtnam
1021 465 1031 484 ,

83 502 407 551 Flammarumque
424 501 553 551 globos
573 501 847 550 liquefactaque
863 499 1015 535 volvere
1032 510 1120 534 saxa
1134 500 1140 532 !

85 564 288 597 Armorum
308 562 470 598 sonitum
490 571 569 598 toto
587 559 787 597 Germania
805 558 898 595 coelo

85 621 233 665 Audiit,
254 621 410 657 insolitis
427 629 661 657 tremuerunt
677 619 840 656 motibus
860 619 984 668 Alpes.
1226 624 1274 656 475

85 683 169 717 Vox
185 693 336 730 quoque
353 694 420 730 per
436 681 539 717 lucos
558 681 670 730 volgo
688 679 867 716 exaudita
886 678 1029 715 silentis

87 742 239 788 Ingen53
257 749 293 776 et
313 740 511 776 simulacra
527 739 648 776 modis
669 739 844 788 pallentia
859 738 962 773 miris

87 799 176 836 Visa
191 799 260 837 sub
281 799 484 836 obscurum
504 800 643 844 noctis;
662 798 899 847 pecudesque
915 797 1099 845 loquutae‚

89 859 303 896 Infandum!
321 860 455 896 sistunt
472 872 615 904 amnes,
633 867 817 907 tcrraeque
833 856 1030 893 dehiscunt
1041 883 1051 900 ,

138 998 214 1036 467.
235 999 312 1027 Tum
334 997 442 1037 fragm.
459 996 604 1032 Morem,
623 1004 653 1026 et

91 1043 187 1074 Aldd.
204 1054 251 1083 pr.
268 1050 299 1073 et
311 1042 537 1073 see—Tinxit
553 1043 651 1082 scrip-

93 1091 133 1119 sit
162 1089 285 1119 Wakef.
318 1096 355 1118 ut
385 1100 456 1118 cum
483 1087 653 1129 ferrugine

92 1136 188 1176 magis
199 1136 375 1165 conveniat.

140 1187 216 1219 470.
236 1181 448 1221 Obscenaeque
469 1191 564 1210 canes
585 1182 653 1210 Me-

93 1227 154 1257 dic.
183 1227 278 1257 solus.
317 1226 511 1267 Obscenique
543 1237 654 1256 amnes

92 1275 173 1304 Ven.
189 1273 358 1303 ·—-()blata
376 1281 478 1302 tamen
492 1276 566 1302 sunt
582 1284 654 1312 pro-

93 1319 177 1359 digia
210 1320 313 1350 omnis
342 1321 463 1359 generis
494 1319 550 1348 illo
578 1325 654 1347 tem-

93 1376 182 1405 pore.
209 1364 345 1394 Obsceni
372 1375 484 1400 canes,
510 1365 655 1400 ominosi‚

94 1411 174 1440 mala
190 1410 414 1450 portendentes
431 1433 439 1447 ,
457 1416 492 1439 ut
509 1409 657 1449 importu-

96 1468 147 1486 nae
168 1457 330 1492 volucres,
350 1456 483 1492 odiosae,
508 1456 656 1491 molestae,

94 1503 168 1532 mali
183 1503 297 1532 ominis
319 1509 423 1532 cantu.
439 1519 486 1524 --
503 1507 541 1538 47
553 1512 577 1531 1.
600 1503 657 1542 Igi-

95 1555 147 1578 tur
177 1549 339 1588 aliquoties
371 1551 461 1578 AEtna
490 1548 546 1577 illo
574 1558 657 1581 anno

94 1595 221 1635 ignibus
246 1600 369 1627 arserat.
398 1596 484 1623 Esset
507 1593 657 1622 hactenus

95 1647 215 1681 reperta
251 1650 356 1669 caussa
389 1641 528 1679 caliginis
562 1640 658 1668 totius

95 1687 180 1717 anni.
210 1687 378 1717 AEstuantis
409 1689 508 1717 AEtnae
538 1685 659 1725 explosi

95 1734 182 1773 ignes
206 1733 308 1762 verbis
330 1742 347 1760 a
365 1738 545 1772 tempestate
568 1732 659 1760 maris

97 1780 201 1820 petitis
248 1778 481 1808 describuntur.
521 1778 660 1807 Omnino

98 1824 194 1855 undae
203 1823 334 1853 flammis
344 1824 540 1853 tribuuntur.
551 1825 662 1853 Exem-

99 1871 152 1911 pla
167 1870 220 1900 dat
236 1870 344 1900 Cerda.
362 1869 549 1910 Liquefacta
565 1879 658 1903 saxa,

101 1917 174 1956 quia
191 1927 287 1946 massa
309 1922 378 1945 tum
396 1916 572 1955 liquescens
588 1926 664 1944 mox

101 1961 273 2002 lapidescit.
299 1963 352 1991 Est
375 1972 445 2001 quae
468 1961 564 2000 vulgo
591 1961 665 1990 lava

103 2007 277 2047 appellatur
293 2016 300 2037 ε
317 2007 357 2037 cf.
373 2010 442 2038 AEn.
458 2007 523 2044 ΙΙΙ,
543 2007 619 2045 576,
635 2012 666 2035 et

103 2054 209 2087 (ἕω-ιιι,
225 2055 326 2095 (Etm.

151 2105 230 2137 474.
246 2100 343 2128 Arma
363 2098 397 2128 in
417 2098 497 2128 coelo
510 2099 574 2127 visa
588 2108 668 2138 saepe

103 2153 229 2179 narrata
255 2152 350 2182 sunt3
375 2155 462 2175 nunc
491 2155 508 2173 a
541 2144 664 2174 Rheno.

106 2191 240 2226 Videtur
261 2191 288 2221 ei
308 2191 527 2232 superstitioni
549 2199 666 2220 aurora

706 994 841 1025 borealis
865 995 1020 1035 originem
1035 992 1166 1022 dedisse.
1181 993 1278 1033 Alpes

706 1053 786 1082 saepe
818 1042 981 1071 tremuisse
1009 1039 1129 1069 Plinius
1156 1040 1279 1068 notavit

705 1089 761 1118 lib.
788 1089 838 1124 11,
862 1094 937 1116 sect.
965 1086 1026 1122 82;
1053 1087 1188 1121 mirum,
1213 1085 1274 1113 hoc

706 1133 888 1174 prodigium
911 1142 997 1161 nunc
1018 1142 1088 1161 raro
1111 1131 1273 1160 nuntiari:

706 1181 819 1220 saepius
844 1178 882 1207 de
908 1178 1096 1218 Apennini&
1115 1178 1168 1206 An
1196 1177 1276 1205 forte

708 1233 826 1255 veteres
851 1225 961 1265 glaciei
990 1224 1140 1263 perennis
1169 1223 1276 1251 ruinas

708 1278 738 1300 et
752 1281 938 1312 percussum
961 1269 1035 1299 inde
1059 1269 1163 1298 solum
1179 1275 1209 1297 et
1225 1278 1274 1296 ae-

708 1327 774 1346 rem
797 1327 856 1356 pro
883 1321 972 1345 terrae
997 1321 1085 1344 motu
1110 1314 1277 1343 habuere?

709 1381 755 1386 —-
772 1363 849 1400 475.
883 1362 1065 1391 Timuernnc
1089 1361 1206 1389 Moret.
1227 1370 1274 1400 pr.

710 1416 740 1438 et
758 1408 879 1438 Zulich.
892 1406 1105 1437 -Μοηῑίὂιιε
1122 1406 1241 1435 Medic.
1261 1416 1277 1434 a

695 1454 782 1484 'man
805 1465 853 1494 pr.
884 1455 976 1483 etiam
1000 1455 1134 1484 Roman.
1161 1452 1279 1481 Probat

710 1507 741 1530 et
770 1502 894 1540 reponit
921 1498 1043 1530 Wakef.
1060 1497 1195 1536 ——476.
1223 1499 1281 1527 Est

710 1546 824 1576 audica
837 1549 913 1586 Reg.
933 1541 982 1585 ap.
998 1545 1129 1576 Martia.

759 1598 797 1629 47
807 1602 835 1629 7.
876 1591 1055 1621 Simulacra
1086 1591 1204 1619 mirum
1244 1591 1277 1619 in

712 1638 842 1668 modum
860 1637 1022 1677 pallentia
1050 1647 1066 1666 e
1099 1638 1223 1666 Lucret.
1251 1637 1277 1671 Ι,

717 1690 779 1719 124
804 1689 878 1713 sunt
901 1682 1124 1712 defunctorum
1147 1682 1278 1712 umbrae.

714 1730 796 1760 conf.
815 1729 926 1760 Cerda.
937 1729 1101 1758 Mentibus
1110 1728 1279 1757 hominum

715 1786 827 1816 magno
865 1776 1058 1805 imminentis
1095 1774 1280 1803 calamitatis

714 1829 800 1851 metu
828 1822 983 1862 percussis
1008 1826 1128 1860 spectra
1158 1819 1280 1857 objecta

715 1879 779 1898 esse
798 1868 831 1896 in
852 1867 929 1897 locis
952 1867 1025 1896 solis
1037 1889 1045 1903 ,
1062 1876 1128 1895 non
1143 1865 1281 1894 insolens

717 1925 764 1943 res
787 1919 843 1943 est.
863 1914 943 1943 Mox
972 1912 1036 1949 478
1061 1911 1161 1941 intell.
1193 1910 1283 1940 boves

716 1960 858 1989 vocales.
874 1957 947 1989 vid.
964 1957 1085 1990 Tibull.
1106 1958 1154 1994 ΙΙ,
1171 1957 1208 1993 5,
1227 1957 1280 1995 78.

720 2007 803 2036 Tum
821 2004 934 2034 sistunt
958 2013 1070 2034 amnes
1091 2013 1142 2040 se,
1165 2003 1282 2034 consis-

721 2057 802 2085 tunt.
811 2050 863 2080 Ad
878 2061 943 2081 rem
961 2050 1043 2079 refer
1057 2051 1166 2079 Horat.
1180 2049 1282 2079 Carra.

721 2098 754 2134 1,
773 2107 790 2126 2
804 2118 812 2134 ‚
835 2098 873 2126 13
902 2107 969 2136 sqq.
997 2095 1140 2125 Vidimus
1157 2093 1284 2138 flavum

725 2142 859 2173 Tiberim
872 2159 918 2165 —-
933 2141 1006 2172 inde
1024 2141 1177 2171 miraculo
1191 2146 1285 2170 aucto

722 2188 760 2218 ad
766 2189 886 2219 fontem
895 2194 1064 2219 recurrunt
1071 2197 1176 2219 amnes
1184 2198 1192 2224 3
1201 2196 1286 2216 caus-
