1408 2428
558 97 678 130 LIBER
703 99 744 128 11.

1179 94 1240 130 267

63 163 139 195 Aut
156 171 284 208 presso
301 168 475 194 exercere
492 156 611 193 solum
629 156 698 192 sub
715 160 886 200 vomere,
903 162 939 191 et
955 154 1036 204 ipsa

64 219 228 255 Flectere
244 216 416 254 luctantis
432 216 529 252 inter
547 215 672 251 vineta
688 215 879 264 juvencos.

62 279 159 314 Tum
173 277 263 312 levis
281 272 457 320 calamos,
476 283 512 311 et
529 287 621 312 rasae
638 274 785 311 hastilia
802 273 917 322 virgae

64 335 339 383 Fraxineasque
354 343 484 383 aptare
500 334 609 371 sudes
621 362 630 380 ‚
652 334 848 381 furcasque
866 330 1031 367 bicornis
1048 343 1056 363 :

65 394 218 430 Viribus
235 393 324 430 eniti
341 406 501 442 quarum
513 422 522 439 ‚
539 401 575 430 et
592 402 830 429 contemnere
848 399 976 426 ventos

1198 397 1246 420 360

69 455 315 499 Adsuescant‚
333 466 569 503 summasque
584 453 690 502 sequi
709 452 873 489 tabulata
888 463 954 500 per
971 450 1101 486 ulmos.

121 516 193 559 Ac,
211 513 301 549 dum
318 513 438 562 prima
453 514 559 550 novis
580 512 757 550 adolescit
777 510 972 548 frondibus
992 518 1098 553 aetas,

120 629 195 659 356.
207 630 331 660 Colum.
347 631 412 667 ΙΙΙ,
428 632 465 660 13
478 633 544 661 Ant
556 641 634 660 scro-

72 675 158 705 bibus
185 683 241 704 aut
265 676 358 705 sulcis
378 676 486 706 vinea?
498 677 636 716 plerum—

74 732 134 761 que
156 729 375 758 conseruntur,
390 738 434 744 —
447 723 504 751 ‘vel
527 730 635 751 aratro

75 767 132 795 vel
148 766 273 796 bidente
288 767 488 796 insiseunc—
503 776 537 796 ut
552 779 637 796 more

22 850 28 855 ἱ
76 812 233 841 novalium
265 820 349 842 terra
372 813 554 842 transversis
581 814 637 842 ad-

76 858 231 898 versisque
247 858 339 887 sulcis
346 859 581 898 proscindatur.
599 860 640 889 Icl

73 915 175 944 genus
189 903 296 933 vineti
309 915 373 933 non
393 904 540 933 conducit
550 905 636 944 agri-

76 950 172 985 colae,
192 949 254 978 m'sz'
267 949 321 978 ubi
334 949 492 979 loetissimo
508 950 573 980 solo
588 950 639 979 mi-

78 995 117 1024 eis
133 995 239 1035 amplo
261 995 453 1024 incremento
468 996 638 1037 consurgit.

78 1041 117 1071 cs.
134 1041 212 1071 Plin.
229 1043 341 1077 XVII,
353 1051 411 1079 22,
428 1049 503 1071 sect.
524 1043 564 1071 35
578 1065 585 1079 ‚
597 1053 637 1071 22

79 1086 281 1116 Intervallum
294 1086 411 1127 justum
429 1088 573 1117 arborum
585 1111 593 1123 ,
614 1087 640 1116 si

79 1139 186 1161 aretur
211 1131 326 1167 solnm,
352 1135 406 1163 XL
425 1134 543 1172 pedum
572 1144 639 1173 sqq.

78 1196 123 1202 -—
146 1178 220 1215 357.
246 1179 334 1207 Inter
353 1178 484 1214 vineta,
515 1186 551 1208 ut
578 1189 642 1207 are-

78 1231 132 1254 tur
146 1225 228 1253 inter
247 1225 359 1253 vitium
382 1225 524 1261 ordines,
544 1231 579 1253 ut
596 1225 643 1253 in-

79 1280 166 1299 versa
179 1276 279 1299 aratro
290 1276 368 1298 terra
379 1271 477 1310 gleba»
487 1271 645 1309 utrimque

79 1325 187 1345 versus
197 1316 274 1344 vites
283 1316 456 1356 insurgant.
468 1317 547 1345 Nam
558 1316 644 1352 olim,

80 1368 115 1389 ut
144 1361 313 1389 etiamnum
351 1362 386 1390 iu
413 1361 500 1390 Italia
530 1362 542 1401 (
561 1362 643 1392 conf.

82 1408 201 1446 Spence
220 1406 373 1446 I'olymet.
392 1417 462 1447 pag.
479 1408 541 1435 253
554 1407 564 1447 )
576 1430 584 1443 ‚
600 1408 646 1436 in-

82 1457 129 1480 ter
147 1451 265 1480 medios
283 1452 396 1480 vitium
416 1459 469 1481 aut
491 1453 647 1482 olivarum

83 1496 209 1526 ordines
220 1519 228 1533 ‚
245 1497 309 1537 agri
325 1497 502 1528 arabantur.

132 1543 194 1572 358
206 1560 252 1564 —
267 1543 308 1571 36
317 1553 342 1573 1.
354 1543 582 1583 Depedacione
594 1543 646 1573 ‘vi-

84 1588 159 1617 tt'nnz
177 1595 207 1617 et
216 1588 388 1629 J'agcztione
405 1589 442 1618 ad
466 1592 544 1620 vites
555 1612 563 1626 ,
581 1600 648 1619 non

83 1635 239 1663 maritatas
275 1634 439 1664 arboribus
450 1658 457 1671 ‚
491 1636 647 1664 sustinen-

83 1679 137 1708 das
156 1680 227 1720 palo
249 1687 302 1709 aut
320 1681 416 1721 jugo,
434 1688 487 1710 aut
503 1681 568 1709 aliis
584 1691 649 1710 mo-

83 1724 140 1755 dis.
167 1725 250 1756 conf.
281 1726 477 1764 Colum.IV,
500 1737 550 1756 12.
569 1727 648 1756 Plin.

83 1772 198 1808 XVII,
218 1781 258 1799 22
272 1794 279 1808 ‚
297 1782 321 1801 s.
346 1772 385 1801 35
402 1794 411 1808 ‚
442 1783 492 1812 19.
512 1789 558 1795 ———
573 1773 648 1811 359.

89 1817 204 1846 Trabes
218 1827 277 1857 pro
290 1818 382 1847 sudes
397 1819 507 1849 Franc.
526 1820 653 1847 Furcas-

85 1872 145 1900 que
162 1863 309 1892 valentes
319 1862 434 1893 Medic.
450 1863 535 1893 Gud.
556 1871 585 1893 et
595 1875 650 1893 sex

85 1907 136 1936 alii
165 1917 213 1948 ap.
239 1909 346 1938 Heius.
370 1910 510 1949 reposuit
525 1920 651 1949 quoque.

86 1953 225 1983 Brunck.
246 1970 291 1975 —-
321 1954 397 1984 361.
431 1954 588 1983 Tabulata
617 1956 650 1984 in

87 1999 187 2027 vineis
203 2005 277 2028 sunt
298 1999 423 2028 ordines
444 2010 602 2029 ramorum
617 2002 653 2030 in

87 2043 254 2073 arboribus
265 2067 273 2081 ‚
293 2044 387 2073 ulmis
401 2046 561 2085 inprimis,
579 2057 650 2086 pro-

46 2088 55 2096 ⁰
87 2090 276 2119 minentium
293 2113 301 2127 ‚
327 2101 407 2130 quos
435 2092 540 2121 recisis
565 2092 650 2129 aliis,

87 2135 129 2164 ita
143 2136 177 2165 in
195 2136 286 2175 plana
303 2136 437 2166 tendunt
450 2160 459 2174 ‚
473 2143 510 2167 ut
527 2138 652 2167 Servius

89 2181 150 2217 ait,
171 2181 302 2212 dilatant
328 2192 363 2211 ac
385 2193 441 2224 per
467 2183 580 2224 gradus
603 2183 654 2214 de-

687 630 821 659 flectunt
849 628 1009 669 agricolae,
1034 632 1070 655 ut
1093 625 1251 655 robustio-

688 687 735 704 res
753 675 892 716 palmites
911 684 1011 712 unum
1034 678 1105 711 post
1121 672 1260 700 alterum>

689 732 811 750 ramum
834 721 983 759 attingere
998 721 1098 756 iisque
1117 728 1182 745 sese
1198 726 1251 756 ap-

688 768 803 808 plicare
834 773 865 794 et
890 776 922 794 se
948 766 1070 794 elevare
1104 770 1251 802 tanquam

690 823 745 852 per
775 811 887 853 gradus
912 812 1044 850 possint.
1079 811 1180 838 Locus
1209 814 1254 837 est

690 858 774 898 apud
807 857 930 887 Colum.
955 858 1004 893 V,
1033 855 1071 892 6,
1108 865 1165 891 11,
1194 864 1253 889 12,

694 906 733 934 23
746 927 754 939 ,
778 909 830 938 24.

740 950 859 978 362-
877 949 953 985 370.
976 946 1177 977 Putationem
1201 955 1256 974 seu

687 994 967 1036 pampinau'oncm
990 994 1023 1021 in
1044 1002 1128 1021 nova
1146 990 1257 1020 fronde

693 1042 784 1082 plane
801 1041 919 1070 nullam
933 1062 940 1076 ‚
956 1040 990 1068 in
1004 1045 1112 1067 tenero
1130 1037 1257 1077 palmite

693 1098 759 1116 non
773 1087 865 1121 ferro,
880 1085 933 1113 sed
944 1095 1049 1124 ungue
1060 1083 1236 1112 tentandam
1249 1105 1256 1114 ,

694 1134 727 1162 in
758 1132 894 1160 adultam
932 1132 1028 1159 vitem
1061 1139 1166 1158 severe
1194 1139 1259 1157 esse

694 1177 913 1207 exercendam.
944 1176 1096 1215 Praecepti
1128 1175 1261 1214 primam

695 1231 815 1263 partem
844 1221 1010 1251 confirmat
1035 1220 1194 1260 Theophr.
1223 1218 1261 1248 de

700 1270 806 1299 Causs.
826 1269 925 1299 l'lant.
951 1269 1018 1302 ΙΙΙ,
1042 1277 1074 1305 9.
1099 1266 1176 1295 Cato
1200 1265 1262 1300 33,

702 1326 719 1343 2
733 1337 741 1350 ,
761 1321 791 1343 nt
815 1314 928 1344 refellit
946 1312 1120 1342 Columella
1145 1321 1218 1339 cum
1239 1310 1261 1339 l.

701 1371 727 1390 c.
746 1362 795 1396 V,
821 1360 840 1387 6
853 1383 860 1394 ,
876 1370 916 1388 22
940 1370 1006 1398 sqq.
1020 1381 1028 1395 ‚
1045 1365 1112 1386 tuni
1126 1359 1187 1393 IV,
1213 1366 1263 1392 11,

706 1417 717 1435 1
737 1416 811 1434 nant
827 1405 916 1434 illam
929 1412 1068 1433 ‘veterem
1084 1402 1265 1443 opinionem

701 1451 867 1480 damnavit
894 1461 980 1485 usus,
1011 1460 1072 1478 non
1102 1447 1265 1488 esseferro

702 1497 880 1537 tangendos
898 1495 1064 1525 anniculos
1080 1493 1264 1527 malleolos,

699 1543 787 1583 quod
800 1542 900 1571 aciem
926 1541 1136 1582 reformident
1150 1553 1163 1576 ,-
1181 1539 1269 1579 quod

690 1589 814 1630 'frustra
843 1587 992 1629 Virgilius
1013 1605 1058 1610 -—-
1086 1586 1265 1614 timuerunt.

702 1635 750 1664 Cf.
770 1645 786 1663 2
809 1635 909 1674 Geop.
924 1636 964 1670 V,
982 1635 1020 1663 23
1035 1656 1043 1669 ‚
1065 1633 1117 1662 25.
1133 1630 1267 1661 Frondi-

701 1681 755 1709 Ims
769 1692 780 1709 .·
797 1680 835 1709 de
849 1682 912 1709 vite
929 1681 1000 1719 agit.
1016 1680 1066 1709 Sic
1085 1688 1162 1707 mox
1184 1677 1267 1711 366,

702 1733 733 1756 et
743 1727 827 1756 alibi.
837 1728 945 1765 Itaque
955 1726 1064 1764 putavi
1077 1722 1270 1763 etiamfron·

703 1773 844 1801 daem-em
872 1771 910 1802 ad
935 1772 1012 1801 vites
1036 1776 1174 1810 spectare
1202 1768 1268 1798 EcL

704 1820 718 1846 I
731 1841 738 1854 ,
760 1819 798 1855 57
813 1841 820 1855 ,
841 1818 899 1847 etsi
916 1823 945 1846 et
964 1816 1036 1845 alias
1058 1815 1184 1844 arbores
1207 1824 1269 1843 am-

704 1865 827 1904 putari,
847 1870 878 1892 et
901 1861 1045 1892 frondem
1068 1861 1175 1900 pecori
1198 1859 1272 1889 sub-

703 1909 902 1938 sternendam
925 1908 1028 1948 parari
1057 1906 1271 1941 meminerim,

705 1962 735 1984 et
744 1956 800 1994 qui
816 1954 877 1983 hoc
901 1954 974 1982 facit
991 1954 1119 1993 proprie
1137 1951 1271 1991 fianda-

705 2008 803 2029 torem
826 2000 889 2028 dici
905 1999 985 2029 Plin.
1006 1999 1136 2034 XVIII,
1164 1998 1202 2026 31
1216 2019 1225 2032 ,
1246 2007 1271 2026 s,

707 2057 722 2084 7
730 2052 760 2082 4.
771 2043 1181 2086 Ecfivndt'sproeparandae
1193 2050 1271 2072 tem-

700 2102 761 2132 pus
773 2090 831 2120 hoc
839 2098 895 2121 esc.
909 2093 996 2120 Unus
1002 2090 1180 2132 frondator
1192 2099 1271 2129 qua—

707 2135 1118 2179 tuorfi'ondariasfiscinas
1132 2135 1271 2174 comple·

708 2194 740 2212 re
765 2183 865 2213 indie
882 2182 1000 2225 justam
1027 2181 1128 2212 habet.
1156 2179 1269 2211 Catull.
