1377 2428
540 81 661 110 LIBER
686 80 743 108 ΙΙΙ.

1167 78 1228 116 337

47 139 223 172 Sternere
243 135 372 173 subter
389 135 562 180 humum,
581 135 714 185 glacies
734 147 780 170 ne
798 132 934 183 frigida
947 133 1056 170 laedat

47 196 160 232 Molle
175 210 310 246 pecus,
331 195 569 245 scabiemque
588 197 682 232 ferat
701 193 898 244 turpisque
913 193 1108 244 podagras.

100 258 206 300 Post,
226 257 314 292 hinc
333 256 538 305 digressus,
552 255 668 305 jubeo
686 254 898 290 frondentia
914 254 1036 304 capris

1185 262 1231 285 300

44 314 191 352 Arhuta
208 317 397 362 sufficere,
414 325 451 353 et
465 316 600 353 fluvios
617 314 786 365 praebere
802 315 980 361 recenti53

44 378 91 411 Et
110 376 257 413 stabula
274 390 294 413 a
311 377 430 414 ventis
453 376 613 413 hiberno
637 389 828 426 opponere
851 376 920 413 soli

45 437 103 473 Ad
123 437 287 474 medium
306 451 486 475 conversa
504 438 620 483 diem,
640 450 757 486 quum
775 436 932 486 frigidus
949 435 1037 471 olim

43 498 65 531 J
69 509 128 531 am
149 496 269 541 cadit,
288 506 532 546 extremoque
551 497 695 532 inrorat
714 496 903 544 Aquarius
923 507 1031 531 auno.

44 559 112 592 Hae
128 569 278 606 quoque
294 569 369 592 non
387 570 477 593 cura
493 555 602 592 nobis
618 556 759 592 leviore
776 554 942 599 tuendae;

1182 564 1229 587 305

43 618 121 653 Nec
139 617 264 652 minor
280 630 370 653 usus
388 617 460 653 erit
478 630 486 651 :
509 616 678 665 quamvis
700 615 847 652 Milesia
861 626 995 664 magno

42 677 190 714 Vellera
211 684 404 713 mutentur
419 677 553 726 Tyrios
569 677 716 713 incocta
731 675 901 713 rubores.

47 824 123 854 299.
148 814 257 854 Turpis
279 815 454 857 podagras,
477 815 613 845 Videtur

43 861 165 890 clavum
185 862 339 898 innuere,
366 862 470 892 morbi
494 872 610 903 genus,

44 917 118 936 cum
132 906 297 937 tubercula
314 909 349 937 in
361 908 488 949 ungulae
507 908 613 937 discri-

44 954 128 982 mine
158 961 343 984 nascuntur.
379 965 409 984 ν.
445 954 610 985 Columell.

44 1001 108 1028 VII
119 1021 128 1036 ,
145 1000 164 1029 5
175 1022 184 1036 ‚
204 1011 215 1029 1
227 1011 252 1029 1.
264 1001 314 1030 Sic
327 1007 358 1029 et
369 1001 526 1029 Martinus
539 1011 611 1030 con-

41 1045 178 1082 jectabat
189 1057 198 1082 3
211 1046 316 1075 reddit
328 1052 431 1075 autem
443 1046 538 1086 pedes
551 1053 611 1075 tnr-

38 1102 106 1130 μω,
120 1091 274 1122 deformes
286 1092 452 1122 tuberibus
464 1099 495 1122 et
508 1093 609 1123 nodis.

90 1139 166 1168 300.
180 1140 352 1180 Degressus
372 1149 455 1168 unus
468 1139 553 1169 Leid.
567 1139 611 1168 di-

36 1184 188 1224 grediens
212 1186 337 1215 Servius
361 1184 400 1214 ad
422 1187 493 1216 AEn.
508 1187 606 1223 VIII,

42 1230 118 1265 546.
129 1249 174 1254 —-
185 1232 263 1260 301.
273 1230 397 1260 Arbuta
406 1230 457 1272 (v.
469 1232 535 1262 Ecl.
549 1234 607 1269 111,

43 1277 83 1306 82
96 1276 107 1317 )
134 1276 325 1318 frondentia
353 1288 412 1318 pro
439 1276 610 1318 frondibus

41 1323 155 1354 arbuti.
177 1341 223 1346 —-
246 1324 310 1353 302
324 1341 370 1346 —-
385 1324 461 1359 304.
482 1325 605 1355 Colum.

41 1371 123 1407 VII,
140 1371 157 1399 3
170 1392 178 1406 ‚
207 1370 224 1398 8
251 1369 290 1399 de
315 1369 451 1401 ovibus:
476 1369 607 1400 humilia

31 1415 146 1456 facere
158 1415 283 1445 stabula
294 1433 340 1438 ——
356 1423 390 1445 ut
401 1416 495 1445 simul
506 1416 607 1447 hieme

40 1463 149 1492 calida
174 1461 246 1492 sint.
267 1463 365 1492 -Εε
389 1464 467 1503 poni
491 1462 607 1494 debent

40 1516 150 1539 eontra
172 1508 312 1538 medium
339 1509 444 1540 diem:
467 1519 606 1550 namque

38 1555 75 1584 id
73 1566 182 1596 pecus,
191 1554 335 1596 quamvis
341 1566 383 1584 ex
390 1555 532 1585 omnibus
541 1556 605 1586 ani-

39 1601 174 1631 malibus
195 1601 452 1638 vestitissimum,
470 1601 606 1644 frigoris

38 1654 147 1678 tamen
164 1648 471 1688 impatientissimum
489 1655 555 1685 ese;
574 1656 605 1679 et

38 1694 77 1724 de
92 1696 194 1735 capris
207 1697 272 1724 VII
283 1717 292 1732 ‚
311 1695 331 1724 6
343 1718 352 1731 ,
369 1696 387 1724 5
400 1694 472 1724 huic
486 1695 606 1735 pecudi

37 1747 131 1771 nocet
153 1748 264 1777 aestus,
292 1741 350 1770 sed
373 1742 476 1783 magis
484 1741 601 1783 frigus.

36 1789 139 1818 Varro
163 1788 290 1828 quidem
313 1787 353 1817 de
376 1791 414 1819 R.
437 1791 476 1820 R.
494 1790 544 1824 II,
564 1800 600 1826 2,

41 1844 56 1871 7
83 1834 208 1863 stabula
222 1834 374 1875 (ovium)
395 1835 464 1864 loco
489 1835 602 1865 idoneo

36 1886 73 1908 ut
90 1880 173 1916 sint‚·
185 1890 226 1909 ne
245 1887 403 1916 ὐεηεοεας
422 1892 494 1921 quoe
514 1892 600 1921 spec-

36 1933 105 1956 tem·
129 1926 232 1968 magis
255 1927 302 1964 ad
317 1926 485 1964 orientem,
504 1939 601 1968 quam

35 1973 84 2003 ad
105 1973 317 2003 meridianum
341 1979 462 2013 tempus
476 1984 487 2003 :
512 1981 542 2003 et
562 1974 601 2004 de

36 2019 136 2060 capris
162 2030 188 2050 c.
217 2020 234 2049 3
247 2041 256 2056 ‚
271 2019 290 2048 6
309 2019 488 2049 stabulatur
502 2031 602 2060 pecus

35 2065 165 2102 melius,
191 2065 236 2095 ad
257 2065 401 2095 hibernos
423 2073 552 2096 ezortus
573 2067 603 2097 si

33 2119 172 2153 spectat,
196 2112 285 2153 quod
305 2118 353 2141 est
374 2112 534 2144 alsiosum‘.
560 2113 599 2145 cf.

34 2159 179 2199 Geopon.
206 2160 337 2196 XVIII,
360 2169 391 2199 9.
417 2159 476 2189 Sed
496 2159 602 2190 malim

34 2204 374 2247 affirmare‚Virgilium
384 2205 418 2235 in
426 2205 489 2236 hoc
503 2216 519 2236 a
526 2207 604 2237 Var-

192 2271 221 2306 Ι.

665 826 743 845 rone
756 814 941 851 discessisse,
950 824 1045 854 quam
1055 813 1150 853 hujus
1160 825 1233 845 con—

667 861 794 891 cordem
808 871 881 891 cum
891 863 1035 890 Varrone
1046 862 1232 891 sententiam

666 915 786 948 poetae,
809 914 959 947 tanquam
980 907 1154 946 quaestione
1175 908 1228 937 ad-

665 961 759 991 mota,
773 954 908 994 exprimi
920 976 928 990 ‚
942 964 963 983 a
975 953 1091 989 ventis,
1102 953 1133 983 h.
1148 964 1230 983 aver-

664 1010 696 1029 sa
719 1011 735 1029 a
756 1001 873 1037 ventis,
904 1000 1048 1040 inprimis
1070 1000 1230 1039 aquilone.

665 1046 749 1076 conf.
775 1046 831 1076 inf.
854 1057 885 1076 v,
910 1047 927 1075 3
937 1047 986 1076 18.
1008 1045 1147 1076 Hiberna
1171 1047 1232 1077 soli

664 1099 861 1132 opponuntur
882 1102 920 1122 eo
944 1094 1032 1132 ipso,
1055 1092 1141 1132 quod
1159 1101 1232 1122 sunt

664 1139 711 1167 ad
729 1138 893 1168 meridiem
913 1148 1070 1167 conversa.
1088 1138 1227 1168 Tandem

662 1196 732 1214 cum
745 1203 791 1207 --
804 1195 914 1220 αηηο,-
933 1185 966 1215 h.
991 1184 1126 1214 hiberno
1151 1191 1227 1215 tem-

662 1241 749 1271 pore.
781 1232 938 1271 Aquarius
975 1229 1092 1260 occidit
1123 1231 1227 1261 medio

661 1278 842 1307 Februario.
853 1278 1119 1306 Extremoautem
1131 1288 1226 1314 anno,

661 1335 685 1354 s.
701 1325 775 1353 anni
787 1331 874 1364 parte
886 1346 894 1360 ,
907 1325 934 1354 si
944 1325 970 1352 is
984 1334 1001 1352 a
1014 1333 1086 1352 vere
1098 1324 1225 1353 initium

659 1369 754 1400 habet
769 1379 776 1400 :
797 1381 871 1399 cum
899 1370 995 1407 hujus
1020 1369 1103 1398 enim
1133 1376 1206 1400 ortu
1217 1393 1225 1408 ,

660 1417 764 1457 operis
779 1417 890 1446 rustici
903 1426 1006 1446 novus
1019 1415 1098 1445 ordo
1113 1426 1225 1456 proee-

660 1462 716 1493 dit.
733 1480 778 1486 »-
795 1464 951 1492 Extremo
972 1462 1135 1502 nudatque
1150 1464 1223 1492 Par-

659 1509 740 1539 rhas.
762 1527 809 1532 ·—
833 1510 908 1539 305.
924 1510 1002 1538 Haec
1015 1526 1062 1531 —-
1074 1508 1203 1538 tuendae
1213 1533 1220 1541 .

659 1555 745 1595 quod
763 1556 801 1585 ab
824 1557 881 1593 iis,
900 1556 957 1595 qui
982 1554 1078 1585 Aldd.
1103 1556 1223 1595 priores

659 1602 892 1643 exprimebant,
909 1601 1097 1642 neglectum,
1114 1601 1222 1632 Heius.

657 1655 742 1678 recte
754 1649 929 1684 revoc-‘svin
945 1647 1160 1688 Philargyrius
1171 1646 1225 1677 ha-

657 1694 750 1724 bebat
760 1702 790 1724 et
804 1695 890 1725 Gud.
901 1704 974 1723 cum
988 1695 1105 1724 Moret.
1115 1700 1146 1723 et
1158 1704 1224 1723 om-

656 1751 711 1770 nes
723 1742 853 1771 Martini
861 1741 1017 1771 libri.Nec
1023 1750 1107 1769 unus
1116 1740 1222 1771 Mead.

655 1788 930 1817 Haec—tuendum
937 1788 1044 1816 Heius.
1054 1785 1223 1826 adscripse-

654 1841 704 1863 rat
719 1835 754 1864 in
766 1845 863 1875 marg.
878 1843 948 1873 quae
961 1833 1146 1862 Lucretiam
1159 1832 1221 1862 sor-

654 1891 704 1910 ma
730 1881 821 1911 foret.
846 1882 1007 1920 Quorsum
1032 1886 1135 1908 tamen
1153 1888 1222 1908 eam

652 1927 791 1957 inferas?
807 1944 854 1950 ·-
869 1927 945 1963 307.
958 1925 1087 1965 Caprini
1100 1926 1222 1966 generis

654 1983 763 2002 curam
776 1983 843 2002 non
858 1983 922 2002 esse
930 1970 1147 2013 negligendam
1159 1972 1202 2000 ait
1211 1992 1220 2007 ‚

652 2020 711 2049 etsi
726 2019 871 2049 ditiorem
885 2024 1077 2059 proventum
1097 2027 1138 2046 ex
1152 2018 1220 2047 ovi-

652 2065 713 2096 bus
726 2076 790 2095 esse
805 2076 870 2095 non
883 2070 985 2106 neget.
1002 2063 1163 2094 Milesiam
1173 2063 1222 2093 la-

653 2123 731 2142 nam
740 2118 891 2142 memorat
900 2111 1026 2152 poetico
1035 2120 1131 2148 more,
1142 2109 1220 2139 dum

654 2169 752 2200 genus
773 2157 901 2198 aliquod
913 2181 922 2195 ‚
943 2164 974 2187 et
991 2155 1117 2197 quidem
1140 2167 1219 2197 prae-

654 2205 788 2235 stantius
804 2204 884 2242 fere,
902 2214 962 2245 pro
983 2204 1143 2233 communi
1159 2213 1218 2232 no-

1015 2278 1063 2313 29
