1377 2428
567 61 690 91 LIBER
714 61 773 90 ΙΙΙ.

1205 60 1267 88 310

74 120 252 171 Conjugis
269 120 433 157 adventu
453 119 588 169 pernix
605 122 809 165 Saturnus,
829 126 866 155 et
883 118 998 155 altum

74 180 203 218 Pelion
222 181 373 218 hinnitu
392 180 539 230 fugiens
559 180 730 229 implevit
747 189 871 216 acuto,

127 241 238 277 Hunc
254 253 424 290 quoque,
445 239 511 276 ubi
527 248 592 276 aut
607 239 744 276 morbo
765 238 909 289 gravi5‚
926 247 990 275 aut
1005 238 1083 289 jam
1103 236 1254 289 segnior
1271 235 1375 273 annis

74 300 228 346 Deficit,
246 300 345 338 abde
361 300 495 347 domo,
514 314 584 338 nec
603 301 707 351 turpi
726 300 877 351 ignosce
896 308 1066 336 senectae.

74 425 181 453 Heius.
200 426 360 465 reposuit,
377 427 563 456 auctoritate
577 435 644 455 mo-

72 476 123 499 tus
143 472 276 500 Roman.
302 472 420 503 Medic.
448 479 479 502 et
508 473 642 502 aliorum

72 517 228 546 vetustiss.
243 516 335 548 codd.
354 520 434 548 ratio
455 526 560 548 tamen
575 524 642 547 tue-

71 568 124 591 tur
140 563 297 604 vulgatam
315 564 442 594 alteram
461 565 642 601 lecssonem,

70 618 88 637 e
95 607 196 649 fudit.
214 626 261 632 ——
276 611 347 649 Ipse
371 621 495 640 comam
524 612 640 641 Moret.

72 654 126 684 alt.
136 653 250 694 jubam
271 655 304 685 in
329 657 444 687 cervice
463 657 559 687 Goth.
577 667 638 687 see.

71 701 224 740 equinam
240 704 365 743 Menag.
390 714 438 743 pr.
465 710 495 733 et
516 702 638 733 Zulich.

71 757 145 775 cum
169 748 233 778 Erf.
266 749 390 789 equt'noe
421 749 570 780 Rottend.
595 749 638 779 al-

69 798 126 822 ter.

117 839 171 879 96.
192 841 306 869 Parum
335 841 507 870 diuturnus
529 847 576 870 est
600 843 644 871 vi-

68 895 126 925 gor
140 887 214 925 equi
234 886 405 916 admissarii
419 897 426 917 :
441 888 516 916 hinc
540 899 643 917 neces-

68 933 140 969 sitas
166 932 331 972 imposita,
350 933 485 963 subinde
503 934 639 963 submit-

69 978 156 1007 tendi
174 977 270 1007 alium
285 978 352 1019 (vs.
375 978 451 1020 73).
470 980 561 1009 Abale
583 980 639 1009 do-

69 1034 139 1061 mo,
157 1035 215 1054 nec
240 1025 324 1064 turpi
343 1025 471 1066 ignosce
491 1034 637 1058 senectce.

67 1071 162 1100 Varie
192 1077 327 1101 tentatus
349 1072 387 1101 ab
409 1074 515 1112 Intpp.
536 1073 636 1104 locus.

65 1117 131 1145 Etsi
156 1126 222 1146 non
246 1117 357 1155 video,
375 1118 453 1158 quid
475 1119 637 1158 impediat,

64 1172 130 1202 quo
166 1163 272 1192 minus
300 1175 401 1204 equus
428 1164 636 1204 admissarius,

63 1209 120 1247 qui
137 1207 176 1237 ab
190 1212 337 1239 armentis
349 1217 542 1248 removetur,
558 1219 588 1241 et
603 1213 637 1241 in

62 1253 188 1283 stabulo
216 1255 255 1284 ad
283 1266 363 1296 opus
383 1256 562 1286 faciendum
580 1257 635 1286 ha-

63 1297 176 1337 betur,
203 1300 298 1330 domo
337 1302 414 1331 abdi
447 1302 511 1332 dici
536 1305 636 1343 possit

63 1342 222 1385 (persistit
234 1357 362 1387 quoque
383 1349 417 1377 in
437 1348 498 1378 hoc
515 1349 634 1380 tuendo

62 1393 203 1421 Ouwens
221 1394 260 1423 N.
276 1395 354 1434 Hag.
373 1405 405 1434 p.
424 1395 500 1430 585,
517 1401 547 1424 et
564 1396 633 1426 lau-

61 1435 114 1466 dat
130 1439 240 1468 Horat.
252 1441 267 1468 Ι
286 1440 383 1479 Epist.
395 1441 420 1477 Ι,
438 1441 455 1470 5
473 1441 511 1470 de
527 1444 634 1472 emeri-

61 1489 93 1512 to
107 1483 292 1524 gladiatore:
304 1486 384 1516 latet
391 1486 516 1517 abditus
525 1488 630 1530 agro).

59 1530 160 1560 Litem
181 1537 285 1560 tamen
300 1531 447 1562 dirimere
463 1534 565 1564 videri
582 1534 632 1565 de-

59 1574 113 1605 bet
136 1577 314 1608 Nemesiani
332 1579 465 1609 imitatio
477 1602 485 1617 ‚
508 1581 628 1621 Cyneg.

62 1628 136 1659 141,
151 1623 208 1653 ubi
219 1623 257 1653 de
273 1625 384 1655 catulis
402 1627 521 1655 recenti
536 1634 629 1667 partu

56 1667 171 1698 editis:
192 1670 249 1699 Sin
279 1681 348 1700 vero
373 1670 441 1701 have
465 1683 543 1702 cura
569 1681 624 1710 est,

55 1714 171 1744 melior
186 1727 227 1745 ne
239 1715 330 1757 sbrte
353 1725 498 1755 necetur,
517 1719 627 1749 Abda-

54 1766 146 1790 turve
163 1761 278 1800 domo3
296 1764 478 1804 catulosque
487 1766 627 1805 probare

52 1806 207 1837 voluntas
223 1819 234 1838 .·
253 1809 310 1838 uhi
325 1818 453 1850 apparet
477 1822 555 1848 esse,
570 1812 624 1841 ab·

52 1851 146 1882 datur
164 1864 185 1882 a
200 1854 305 1891 domo,
323 1864 516 1895 amoveatur,
525 1869 625 1888 remo-

52 1905 172 1930 veatur.
192 1901 414 1940 Advocarunt‚
429 1909 460 1932 et
483 1905 517 1933 in
545 1915 622 1934 eun-

51 1943 123 1974 dem
156 1956 284 1976 sensum
322 1954 487 1979 traxerunt
515 1950 623 1980 locum

13 2034 23 2041 .
50 1998 197 2021 nostrum
212 1994 331 2034 Intpp.,
348 2001 384 2024 ut
400 2001 504 2025 tamen
515 2007 625 2037 perpe-

50 2047 117 2067 ram
141 2038 181 2068 ad
194 2039 297 2069 solum
313 2038 345 2069 τὸ
365 2042 518 2078 vendere,
537 2043 625 2083 quod

48 2094 144 2114 mmls
157 2093 326 2126 angustum
343 2094 403 2123 est,
426 2097 621 2121 revocarent.

49 2130 184 2171 Copiose
198 2142 326 2172 quoque
339 2133 378 2163 de
394 2134 425 2165 h.
436 2135 458 2165 l.
470 2137 532 2175 egit
544 2136 622 2166 Gro-

47 2186 123 2207 nov.
144 2177 182 2208 de
198 2180 268 2210 Pec.
287 2182 358 2211 Vet.
376 2182 433 2220 IV,
451 2181 480 2212 8.
495 2181 622 2212 Abdere

696 424 877 464 estproprie
891 423 964 453 dare
975 422 1029 453 abs
1042 433 1091 460 se,
1109 432 1266 460 amovere,

696 472 835 510 rejicere.
862 472 934 500 Jam
962 476 1067 500 autem
1086 475 1190 509 potest
1215 469 1268 499 ali-

696 517 775 556 quid
807 516 883 545 abdi
915 516 966 545 vel
993 526 1013 544 a
1039 516 1112 545 loco
1127 538 1135 552 ‚
1156 515 1206 544 vel
1234 517 1269 544 in

696 563 793 592 alium
811 562 919 592 locum
931 584 939 599 ,
954 567 991 590 ut
1012 561 1045 590 in
1065 573 1101 591 eo
1117 567 1270 597 servetur,

695 608 919 645 abscondatur,
937 618 1010 648 ergo
1030 608 1062 637 in
1078 608 1161 637 loco.
1177 607 1270 637 Unde

695 655 816 696 duplex
838 665 914 685 usus
937 654 1027 684 verbi
1052 654 1168 684 abdere
1196 664 1269 683 cum

694 712 768 731 casu
795 708 885 731 sexto
899 710 907 732 ε
922 700 1004 730 abde
1026 701 1138 736 domo,
1157 701 1179 729 i.
1204 710 1231 730 e.
1247 711 1268 728 a

693 748 799 784 domo,
822 754 853 777 et
878 758 954 778 vero
984 748 1077 777 etiam
1103 746 1136 776 in
1159 746 1266 776 domo.

697 796 758 825 Res
785 795 829 823 sic
851 795 923 823 satis
956 793 1060 823 obvia.
1082 794 1192 832 Itaque
1216 803 1266 832 ap.

696 840 815 870 Tibull.
833 841 864 868 II
876 862 884 877 ‚
904 851 930 875 1,
947 840 987 869 82
1006 839 1079 869 lzz'nc
1089 838 1204 879 procul
1217 839 1269 868 ab·

695 885 734 916 cle
743 885 858 927 faces,
880 886 919 916 ab
940 885 1002 915 hoc
1027 886 1100 915 loco
1119 895 1266 921 remove;

695 939 725 962 at
740 932 823 962 idem
840 934 889 970 II,
909 933 939 969 3,
958 932 1000 961 65
1019 931 1184 973 formosas
1200 930 1269 960 tris-

694 978 772 1008 tibus
779 978 864 1020 agris
876 978 1002 1014 abdere,
1013 976 1203 1007 abducendo
1217 987 1267 1006 eas

693 1032 724 1055 et
735 1025 890 1054 servando
903 1026 938 1054 in
952 1025 1041 1065 agris.
1057 1023 1154 1054 Vides
1164 1030 1194 1052 et
1204 1022 1266 1052 hoc

692 1072 849 1112 exemplo,
866 1082 922 1112 per
936 1071 1074 1100 edictum
1089 1071 1268 1112 grammati—

692 1128 727 1146 ca
738 1119 889 1148 constitui
897 1128 963 1147 non
976 1127 1086 1157 posse;
1106 1115 1160 1145 sed
1177 1125 1265 1144 caus-

690 1174 737 1193 sas
762 1175 827 1194 esse
854 1163 1087 1204 perspiciendas
1109 1169 1140 1192 et
1155 1172 1266 1192 eruen-

689 1209 753 1240 das.
771 1211 871 1241 Juhet
886 1211 992 1248 itaque
1010 1215 1104 1249 poeta
1129 1207 1262 1248 diligen-

689 1262 752 1285 tem
771 1255 1024 1296 patremfamilias
1041 1264 1197 1291 amovere,
1211 1253 1264 1282 ah-

688 1301 791 1341 legare
823 1313 838 1332 a
875 1301 996 1342 praedio
1013 1323 1021 1338 ,
1065 1310 1260 1340 quocunque

688 1348 800 1385 modo3
814 1349 920 1388 itaque
936 1349 1029 1377 etiam
1046 1346 1183 1376 vendere
1194 1368 1202 1382 ,
1219 1346 1262 1376 ef-

686 1394 787 1424 fetum
817 1401 848 1424 et
875 1394 1022 1423 inutilem
1047 1392 1086 1422 ad
1110 1392 1263 1422 admissu-

686 1451 752 1469 ram
772 1439 984 1480 (quamquam
1002 1439 1056 1469 ille
1072 1439 1138 1468 aliis
1158 1438 1262 1468 adhuc

685 1487 848 1516 laboribus
854 1485 1000 1515 sufficere
1007 1484 1124 1525 potest)
1131 1495 1261 1524 equum,

684 1533 829 1572 quamvis
853 1538 987 1561 senectae
1011 1531 1170 1560 miseratio
1187 1531 1262 1560 snb-

684 1585 751 1616 eat3
770 1589 835 1608 esse
852 1580 936 1608 enim
960 1588 1027 1607 eam
1043 1585 1175 1617 turpem,
1196 1577 1259 1614 vel,

683 1625 846 1654 communi
889 1624 1059 1654 senectutis
1101 1623 1258 1664 epitheto,

683 1678 830 1711 respectu
839 1669 997 1711 juventae,
1011 1669 1173 1710 pulchrae,
1188 1680 1258 1710 spe—

681 1717 792 1754 ciosoe,
812 1716 938 1753 nitidae,
964 1716 1015 1746 vel
1039 1726 1079 1745 ex
1106 1727 1174 1756 sqq.
1194 1727 1256 1756 qua

680 1764 733 1793 ine
752 1774 783 1794 se
801 1764 936 1804 turpiter
949 1763 1012 1799 det,
1031 1773 1090 1792 nec
1104 1763 1139 1791 in
1155 1764 1258 1792 Vene-

679 1821 745 1840 rem
759 1811 831 1839 satis
847 1810 944 1838 animi
953 1819 988 1838 ac
1002 1809 1114 1838 virium
1130 1808 1255 1840 haheat.

677 1856 812 1887 Ovidius
838 1855 900 1886 hoc
921 1857 1015 1885 Trist.
1033 1856 1099 1891 IV,
1128 1856 1163 1892 8,
1196 1866 1256 1895 19:

677 1904 728 1932 Ne
742 1903 843 1932 cudae
853 1924 861 1938 ‚
879 1909 911 1931 et
924 1902 1042 1930 multas
1051 1901 1187 1940 palmas
1206 1901 1254 1931 in-

676 1949 822 1978 honestet
835 1948 970 1987 adeptas
976 1960 989 1983 ;
1004 1948 1030 1976 si
1046 1946 1174 1987 quidem
1184 1958 1253 1977 ver-

677 2006 730 2024 sus
746 2002 791 2024 est
807 1994 924 2025 Ovidii.
943 1996 971 2023 T
969 1993 1144 2036 urpc'finem
1155 1994 1253 2024 dona-

677 2049 707 2071 te
722 2049 857 2071 senectae
881 2040 920 2070 ad
941 2041 1042 2070 nostri
1060 2039 1193 2070 ductum
1210 2042 1253 2071 Si-

676 2088 738 2117 lius
748 2089 822 2125 XV,
838 2088 916 2125 654,
926 2093 962 2116 ut
975 2088 1037 2125 jam
1048 2086 1147 2117 Cerda
1160 2086 1250 2117 vidit.

676 2136 816 2164 Ouwens
833 2134 854 2164 l.
871 2134 892 2165 l.
912 2144 969 2163 nec
985 2132 1069 2173 turpi
1077 2133 1251 2173 jungebat:

676 2188 707 2210 ec
725 2180 854 2222 ignosce
869 2187 1004 2211 senectae
1021 2190 1084 2209 non
1102 2179 1193 2220 turpi.
