1377 2428
583 101 702 130 LIBER
727 101 783 128 IV.

1215 97 1275 124 5331

86 158 332 206 Pallentisque
353 156 527 200 hederas,
548 165 584 192 et
600 156 756 192 amantis
774 155 884 191 litora
899 163 1052 203 myrtos.

136 220 308 266 Namque
326 215 395 253 sub
416 215 589 252 OEbaliae
608 217 761 253 memini
780 228 840 251 me
860 214 1029 251 turribus
1048 214 1143 250 arcis
1231 223 1277 245 αἱ»

87 279 172 321 Qua
189 276 295 325 niger
314 275 506 312 humectat
526 275 703 311 flaventia
722 275 822 311 culta
840 274 1024 321 Galaesus,

86 336 287 385 Corycium
303 335 442 372 vidisse
462 348 606 382 senem,
624 335 685 372 eui
703 347 826 385 pauca
843 334 964 371 relicti

88 467 140 490 tat.
155 459 194 489 ad
215 462 256 490 H.
275 461 309 489 in
325 460 395 490 Cer.
410 471 442 500 p.
462 470 523 492 112
536 483 544 497 ‚
562 460 601 489 ad
623 471 653 490 v.

91 516 129 534 12
143 528 151 542 ,
168 507 289 546 Hymni
305 505 366 535 hoc
383 506 546 546 epitheton
563 506 656 535 advo-

88 558 137 580 cat
154 561 161 581 :
178 554 232 581 τοῦ
263 549 316 581 mei
349 549 410 581 ἀπὸ
442 550 519 594 ῥίζης
546 551 654 582 ἑκατὸν

87 595 171 639 κάρα
189 595 379 639 ἐξεπεφύκει.
397 598 563 628 Acanthus
584 598 616 628 h.
632 598 653 628 l.

86 643 194 673 herbae
217 655 352 681 nomeu,
373 651 478 673 noster
503 644 657 674 acanthus

87 689 212 725 sativzcs,
233 701 287 720 seu
303 689 407 719 mollis
424 690 560 731 Vioegiliz,
573 690 658 731 apud

88 735 221 766 Bauhin.
238 736 304 766 vid.
322 736 362 765 ad
380 736 446 766 Eel.
463 738 522 773 ΙΙΙ,
536 737 588 772 45,
600 736 658 766 ubi

89 782 202 818 mollis,
213 789 248 811 ut
260 782 318 811 inf.
332 793 363 812 v.
377 780 548 826 137,ὺγρὸς
559 783 658 813 Theb-

89 828 179 865 crito,
191 827 278 867 quod
292 828 354 871 1110ι
356 828 473 869 flexus,
484 830 558 869 quia
573 829 659 858 adul-

90 875 151 902 tior
175 874 272 903 caulis
296 873 430 903 reflectit
444 885 475 904 se
487 897 495 911 ‚
513 882 543 904 et
557 876 658 915 vergit

89 919 130 948 ad
151 919 302 957 humum3
319 927 449 960 propter
472 920 533 950 hoc
553 921 658 960 ipsum

89 966 213 1004 poetica
228 968 349 995 ratione
364 966 476 995 vimen
501 966 529 995 ei
546 966 657 996 tribui-

89 1018 152 1047 tur,
161 1011 249 1051 quod
264 1013 393 1051 proprie
406 1023 473 1041 nou
488 1013 594 1049 habet,
605 1011 660 1041 sed

91 1057 222 1086 caulem.
251 1059 360 1087 Tortos
386 1057 559 1093 acanclzm,
579 1058 661 1087 dixit

90 1102 265 1132 Columella
279 1105 326 1138 X,
345 1109 421 1138 241.
435 1104 599 1133 Pallentes
610 1102 661 1133 he-

89 1147 183 1177 deras
194 1159 204 1177 .·
214 1149 307 1188 ponit
324 1158 423 1188 genus
437 1156 557 1179 certum
570 1159 576 1179 :
588 1160 660 1179 nam

89 1200 164 1222 sunt
178 1201 209 1222 et
220 1195 329 1233 nigrae.
346 1212 392 1217 —-
405 1202 478 1231 124.
498 1197 565 1234 Qne
575 1195 662 1225 abest

90 1238 130 1268 ab
163 1239 236 1268 edd.
263 1246 328 1269 ant.
359 1247 390 1269 et
418 1241 530 1280 fragm.
556 1242 659 1271 vatic.

91 1284 320 1324 Pallantesque
348 1286 499 1316 Rottend.
528 1296 588 1316 see.
618 1287 662 1316 At

91 1337 162 1360 tert.
187 1331 425 1371 pallantisque,
452 1339 488 1360 ut
508 1333 662 1371 palantes

91 1374 216 1405 hederae
236 1377 314 1412 sint,
333 1377 421 1407 velut
436 1385 585 1408 errantes.
601 1378 662 1408 Sed

91 1429 166 1451 sunt
182 1422 394 1453 aberrationes
410 1424 472 1453 illae
487 1431 661 1464 perpetuae;

91 1475 123 1497 et
134 1467 251 1497 hedera
263 1468 338 1498 alba
354 1480 372 1498 a
387 1469 481 1510 nigra
496 1470 662 1510 distingui-

93 1521 155 1544 tur.
174 1514 238 1544 vid.
258 1515 416 1546 Heinsius,

144 1570 157 1589 1
166 1571 182 1590 2
190 1561 220 1590 5.
247 1561 392 1591 OEbaliae
402 1562 534 1591 memini
545 1573 594 1591 me
605 1569 665 1591 tur-

92 1605 175 1635 ribus
197 1605 270 1635 altis
285 1607 383 1647 vulgo
400 1608 520 1647 ubique
535 1609 661 1649 legitur.

95 1652 388 1682 OEbalioe—arcis
409 1653 492 1694 apud
512 1655 659 1684 Arusian.

92 1699 244 1728 Messium
263 1722 271 1736 ‚
302 1699 390 1739 quod
419 1700 513 1730 unice
550 1710 662 1729 verum

93 1755 158 1774 esse
192 1745 301 1774 nullus
335 1746 448 1776 dubito
464 1768 472 1783 ,
512 1756 662 1785 nuncque

94 1801 168 1819 cum
182 1791 345 1821 Brunckjo
358 1793 473 1832 recepi.
487 1792 566 1832 Quis
580 1793 664 1820 enim

96 1836 269 1866 OEbaliam
301 1837 417 1868 dixerit
441 1837 479 1867 de
501 1837 581 1867 urbe
607 1839 665 1867 Ta-

93 1889 196 1920 rento,
204 1889 258 1912 aut
263 1885 431 1913 Tarentina
439 1884 585 1924 regione?
595 1884 664 1923 quis

95 1936 195 1958 turres
210 1928 357 1958 (Ebalioe
367 1933 383 1959 ,3
396 1930 467 1970 quis
475 1931 554 1959 ferat
567 1937 665 1958 turres

95 1974 213 2004 Atticae
233 1985 292 2015 pro
313 1975 469 2005 Athenis?
493 1976 538 2005 At
558 1985 664 2005 arcem

43 2028 53 2036 ·
95 2031 154 2060 pro
172 2020 253 2050 urbe
275 2020 380 2051 dicere
400 2028 543 2062 poterat,
558 2032 665 2062 quam-

95 2077 191 2106 quam
218 2074 249 2097 et
269 2077 332 2096 arx
356 2067 489 2097 Tarenti
510 2078 550 2097 ex
574 2068 664 2098 Livio

95 2114 168 2142 satis
191 2119 275 2143 nota.
289 2130 336 2137 --
354 2114 428 2144 126.
453 2115 538 2144 Ante
555 2114 663 2144 Heius.

66 2193 76 2202 ὁ
96 2159 249 2203 editiones
271 2160 480 2190 Plautinianas
506 2166 538 2190 et
559 2160 665 2190 Elzev.

97 2212 268 2246 occuparat
290 2205 386 2248 piger
412 2217 451 2237 ex
478 2208 531 2237 J0.
558 2207 667 2247 Scopae

710 460 921 490 collectaneis
965 460 1111 489 Alterum
1153 460 1280 498 proprie

710 506 831 536 Galaeso
847 505 1015 543 tribuitur;
1034 504 1202 545 ambigitur
1218 515 1280 534 nio-

709 552 770 589 do,
789 563 853 591 quo
879 562 982 582 seusu.
1006 562 1037 582 v.
1058 552 1165 581 Burin.
1187 550 1224 579 ad
1246 550 1277 580 h.

708 599 730 630 1.
757 598 817 629 Sed
845 605 890 627 est
910 597 998 627 haud
1015 596 1111 626 dubie
1135 607 1213 637 aqua
1237 599 1280 626 ni-

709 646 851 686 gricans,
877 644 950 684 quia
974 642 1132 685 pellucida
1155 650 1184 671 et
1212 654 1281 682 pro-

710 690 806 720 funda
821 701 829 727 3
842 692 884 720 ita
900 691 984 719 enim
1002 689 1081 719 solet
1102 688 1219 718 fundus
1239 691 1282 718 ni-

710 738 847 778 gricare,
876 735 1014 775 adeoque
1042 742 1072 764 et
1095 736 1162 775 ipsa
1190 746 1280 774 aqua,

714 783 896 813 Umbrosum
923 782 1080 811 Galaesum
1105 781 1187 810 dixit
1205 784 1280 811 Pro-

710 836 790 870 pert.
800 830 841 865 II,
854 829 907 865 25,
920 829 1041 865 67.-1
1050 838 1087 865 27
1096 851 1102 858 .
1117 826 1282 865 Conrcimn

711 886 798 905 nunc
827 885 935 904 senem
970 873 1131 906 intlux²sse
1159 873 1285 902 videtur

711 921 864 951 Varronis
896 920 1061 960 exemplo,
1093 920 1148 960 qui
1174 919 1283 948 fratres

713 968 862 997 Veianios
874 966 982 995 laudat
992 968 1039 995 ΙΙΙ
1051 989 1059 1003 ,
1078 966 1118 995 16
1128 989 1136 1002 ‚
1153 975 1191 995 10
1203 988 1211 1002 ,
1231 976 1244 994 1
1256 977 1282 995 Ι.

713 1016 833 1043 Locum
845 1012 997 1051 expressit
1014 1011 1162 1042 Sidonius
1175 1012 1283 1051 Apoll.

714 1060 816 1089 Carm.
833 1056 966 1094 XXIV,
987 1058 1027 1087 58
1040 1080 1048 1094 ,
1065 1058 1118 1097 59.
1150 1057 1285 1095 Cory-cus

715 1105 832 1135 Ciliciae
848 1102 1018 1143 oppidum,
1035 1110 1126 1133 antro
1144 1109 1175 1132 et
1190 1112 1284 1132 croco

714 1152 787 1180 satis
800 1156 933 1185 notum;
952 1160 992 1178 ex
1007 1160 1072 1189 quo
1087 1159 1162 1189 agro
1180 1149 1286 1178 oriun-

715 1196 775 1225 dus
789 1206 884 1225 senex
900 1195 953 1224 hic
967 1196 1001 1223 in
1019 1205 1127 1235 agrum
1144 1195 1287 1224 Tarenti-

715 1252 793 1271 num
812 1252 829 1270 a
851 1247 944 1280 poeta
965 1239 1149 1277 adducitur,
1172 1241 1236 1268 sive
1260 1241 1286 1268 is

716 1298 790 1317 casu
806 1297 844 1317 eo
862 1293 1064 1326 pervenerat,
1080 1286 1146 1314 sive
1161 1284 1287 1314 traduc-

716 1341 766 1363 tus
794 1343 810 1362 a
842 1333 1010 1372 Pompeio,
1039 1332 1113 1371 qui,
1142 1337 1306 1359 narrantev

716 1380 843 1415 Servio,
871 1379 963 1407 victis
994 1378 1103 1418 piratis
1134 1376 1287 1406 Cilicibus

716 1426 830 1465 partim
839 1424 958 1454 ibidem
967 1446 975 1460 ,
988 1424 1100 1463 partim
1110 1423 1144 1451 in
1152 1422 1285 1458 Graecia,

717 1472 831 1510 partim
861 1471 895 1499 in
926 1469 1086 1506 Calabria,
1112 1478 1202 1508 agros
1233 1468 1286 1497 de-

717 1517 774 1547 dit.
808 1515 928 1546 Laudes
961 1522 1065 1544 tamen
1089 1514 1184 1552 hujus
1205 1516 1288 1544 senis

718 1562 803 1603 apud
834 1567 960 1602 poetam
983 1562 1018 1589 in
1038 1562 1172 1601 piratam
1202 1567 1286 1590 vete2

718 1619 831 1638 ranum
866 1608 923 1636 vix
968 1606 1078 1636 cadere
1125 1605 1286 1636 videntur.

715 1654 813 1694 Apud
841 1653 982 1683 Probum
1010 1653 1068 1682 alia
1108 1659 1154 1682 est
1187 1662 1289 1682 narra-

716 1701 760 1730 tio
789 1710 796 1730 :
833 1714 848 1725 κ
877 1699 1045 1739 Pompeius
1092 1708 1192 1738 quum
1236 1708 1290 1737 op-

716 1752 870 1787 pugnaret
894 1747 1024 1785 pirataS,
1044 1744 1217 1784 remigibus
1241 1754 1290 1773 eo-

718 1803 790 1821 rum
817 1792 962 1832 promisit
982 1801 1090 1831 agros,
1110 1790 1136 1819 si
1164 1790 1290 1820 vicisset

720 1849 831 1867 eorum
859 1837 1036 1875 adjutorio;
1059 1846 1198 1876 quorum
1216 1846 1288 1876 pro-

718 1884 838 1913 ditione
891 1885 995 1913 victor
1041 1883 1289 1913 Tarentinorum

718 1940 807 1971 agros
831 1929 988 1959 veteranis
1007 1928 1133 1966 divisit,
1151 1935 1182 1957 et
1201 1929 1289 1967 quic—

718 1975 797 2015 quid
829 1975 1034 2005 deterrimum
1064 1974 1142 2011 fuit,
1170 1974 1290 2014 remigi-

716 2022 778 2051 bus
795 2021 891 2052 dedit.
903 2036 918 2047 »
933 2021 1063 2051 Indocte
1078 2020 1145 2049 haec
1161 2030 1290 2060 quoque

718 2075 842 2098 narrata
855 2079 863 2106 ;
884 2074 916 2097 et
927 2090 935 2105 ,
951 2069 977 2097 si
992 2066 1071 2107 quid
1088 2065 1163 2095 inde
1179 2072 1290 2095 tenen-

719 2114 814 2152 dum,
844 2113 953 2143 saltem
986 2113 1144 2149 dicemus,
1175 2118 1291 2141 vetera-

719 2170 778 2189 nos
816 2171 832 2189 a
853 2161 1003 2200 Pompeio
1039 2160 1074 2188 in
1094 2168 1205 2199 agrum
1228 2160 1291 2187 Ta-

720 2207 882 2237 rentinum
898 2212 967 2236 tum
982 2200 1119 2237 vacuum
1141 2203 1180 2235 ab
1202 2206 1290 2234 inco-
