1408 2428
549 71 669 101 LIBER
694 72 734 100 II.

1172 71 1235 100 265

56 134 95 169 Si
112 145 187 169 non
204 140 305 169 tanta
325 131 429 180 quies
446 129 517 166 iret
534 129 724 178 frigusque
742 128 976 178 caloremque

56 196 175 237 Inter,
193 201 228 228 et
245 191 432 240 exciperet
452 188 533 226 coeli
551 188 781 238 indulgentia
798 198 925 225 terras.

1189 197 1236 226 ³4⁵

108 251 221 297 Quod
236 259 423 301 superest,
439 261 683 299 quaecumque
698 262 844 298 premes
858 248 1020 297 virgulta
1035 260 1102 296 per
1117 260 1237 298 agros,

58 314 200 361 Sparge
218 312 305 347 fimo
323 310 471 360 pingui,
492 317 529 345 et
548 310 664 345 multa
683 321 825 345 memor
841 308 969 344 occule
990 317 1106 354 terra3

58 375 132 407 Aut
152 371 314 420 lapidem
328 369 519 414 bibulum,
540 377 602 405 aut
621 368 821 417 squalentis
840 367 967 411 infode
985 367 1156 404 conchas.

65 538 75 555 1
85 537 101 556 2
111 528 147 555 13
161 549 169 563 ,
187 525 296 566 quoad
309 524 426 554 mcenia
453 524 565 553 mundi
582 525 626 553 Et

58 572 149 601 taciti
173 579 272 600 motus
295 570 378 600 hunc
394 570 521 610 possint
532 569 622 611 serre

56 618 207 646 laborem.
225 618 291 645 Alii
305 628 365 646 vss.
384 617 447 651 343
462 633 508 638 —
519 617 536 645 5
549 626 621 644 cum

60 662 317 693 antecedentibus
328 662 366 691 de
380 661 455 691 orbe
469 669 621 691 terrarum

58 710 92 738 in
105 720 177 739 vere
187 709 422 748 natojungunt,
437 714 619 746 utpossent,

58 755 131 790 iret,
151 754 311 794 exciperet
322 776 330 789 ,
347 755 424 789 sint,
439 763 496 792 pro
500 751 620 792 poeuis-

60 809 129 830 sent
143 808 173 830 et
194 801 238 829 sic
254 810 350 840 porro
369 799 469 835 dicta;
483 809 541 828 nec
560 798 637 827 hoc*

61 847 149 876 male.
170 847 271 876 Possis
286 845 414 874 laudare
436 847 558 874 Lucret.
572 846 600 872 V
612 867 620 881 ,

63 893 125 930 778
144 902 152 923 :
168 893 264 921 Mmc
277 891 370 920 redeo
385 890 431 919 ad
441 889 554 919 mundi
565 900 621 919 ηο-

59 938 195 974 vitatem,
207 945 239 967 εἰ
245 936 354 966 mollia
363 944 453 965 ter-ree
462 937 558 971 Arva,
570 946 621 964 no-

60 994 94 1012 vo
103 983 177 1024 fi’tu
192 983 272 1024 quid
279 982 418 1022 primum
437 982 470 1010 in
492 981 621 1011 luminis

58 1040 130 1058 oras
146 1030 378 1060 Tollere.-—Et
387 1033 456 1068 s‘up.
472 1027 538 1057 Ecl.
554 1030 599 1057 VI
610 1050 618 1063 ,

61 1077 102 1111 34
122 1083 153 1104 et
168 1075 232 1115 szse
258 1082 347 1104 tener
369 1073 618 1103 mnndz'concre-

57 1121 133 1150 verit
161 1120 251 1151 orbis.
268 1138 314 1143 —
341 1122 416 1156 344.
455 1121 521 1159 Que
548 1127 619 1160 post

59 1167 194 1196 calorem
229 1168 381 1197 omittunt
410 1166 550 1206 plurimi.
572 1184 618 1188 —

56 1212 269 1254 Philargyrius
296 1213 428 1253 primam
450 1212 618 1241 lectionem

56 1259 149 1289 fuisse
175 1259 218 1288 ait
237 1259 395 1299 calorque.
419 1259 525 1298 Usque
541 1258 617 1287 adeo

55 1298 162 1334 versus
189 1315 343 1334 mensurae
369 1304 445 1334 boni
471 1305 532 1333 viri
554 1314 617 1332 me-

56 1350 188 1380 tuebant
202 1352 209 1380 !
237 1368 283 1373 —-
327 1351 402 1386 345.
442 1348 620 1389 Excipz'unc

55 1406 122 1426 sese
135 1396 266 1425 invicem
280 1406 345 1433 res,
355 1405 427 1435 quae
440 1395 501 1424 sibi
514 1406 618 1425 succe-

56 1441 137 1471 dunt
153 1451 160 1472 :
178 1448 245 1471 tum
259 1443 351 1471 etiam
366 1452 431 1478 res,
447 1451 549 1476 casus,
562 1442 618 1480 qui

5 1491 13 1496 ⁶
56 1489 214 1525 existunt,
241 1494 404 1527 emergunt
437 1493 491 1516 aut
513 1497 618 1517 succe-

55 1533 137 1562 dunt
146 1555 155 1570 ‚
169 1532 315 1574 excipere
331 1544 388 1562 nos
402 1532 566 1570 dicuntur,
582 1539 618 1562 ut

55 1581 89 1608 in
106 1579 161 1609 illo
175 1579 295 1621 {aliud
305 1579 419 1608 bellum
438 1589 508 1607 eum
528 1589 618 1608 exce-

50 1625 111 1664 pit.
143 1627 189 1655 Ita
224 1625 348 1655 videtur
372 1624 404 1654 h.
433 1625 454 1654 l.
485 1624 614 1655 dictum.

54 1671 186 1711 Alioqui
208 1682 249 1701 ex
267 1681 321 1707 eo,
347 1670 433 1710 quod
451 1670 614 1710 excipere,

55 1717 190 1758 benigne
207 1717 342 1757 aliquem
365 1723 512 1753 tractare,
528 1716 614 1746 fove-

55 1773 88 1793 re
106 1785 114 1799 ,
146 1763 287 1803 designat
305 1785 313 1799 ,
346 1763 479 1802 petitum
511 1762 617 1792 videre

50 1809 170 1848 possit,
199 1816 236 1838 ut
257 1809 381 1839 Coelum
405 1809 548 1848 excipere
569 1808 616 1837 di-

56 1861 145 1883 camr
159 1857 298 1885 Terram.
314 1853 373 1885 Sed
388 1854 449 1883 hoc
460 1856 612 1895 argutius,

56 1910 150 1939 quam
163 1900 221 1940 par
235 1907 281 1930 est
290 1922 298 1936 ‚
317 1899 438 1928 dictum
451 1906 547 1936 esset3
558 1910 616 1929 nec

56 1952 183 1985 apparet
196 1968 205 1983 ‚
223 1944 384 1985 quomodo
404 1946 526 1975 Coelum
540 1947 615 1975 Ter-

56 2001 105 2020 ras
122 1998 160 2021 ut
167 2001 302 2031 puemm
316 2001 425 2020 recens
437 1997 546 2019 nat-um
560 2001 614 2019 ex-

32 2071 41 2079 .
58 2037 162 2076 cipiat.
208 2034 416 2076 Indulgeneia
452 2035 616 2076 pulchrius

58 2093 152 2122 quam
197 2083 380 2122 temperatio
390 2104 399 2119 ,
444 2082 616 2112 clementia.

57 2129 185 2158 Gratius
200 2128 263 2168 295
283 2129 367 2157 Dum
387 2127 496 2167 tepida
514 2127 618 2157 indul-

53 2181 109 2214 get
120 2174 209 2204 terris
223 2174 391 2204 clementia
408 2173 527 2203 mundi.

243 2240 271 2274 Ι.

724 524 799 559 346.
819 524 913 554 Nunc
940 523 977 552 de
999 533 1073 552 cura
1095 525 1239 554 surculo-

676 580 747 599 rum
765 569 950 609 positorum.
968 570 1007 599 cf.
1033 569 1237 609 Theophrast.

676 616 782 645 Causs.
797 615 897 645 Plant.
910 616 957 644 III
968 637 976 651 ,
995 616 1013 644 5
1026 622 1056 644 et
1071 626 1100 652 73
1114 616 1236 645 Colum.

675 662 740 696 III,
761 661 818 697 15;
835 661 978 700 Geopon.
995 662 1085 700 V‚9,
1105 672 1157 691 21.
1174 661 1240 691 Vir—

671 706 779 746 gulta,
810 713 963 735 sarmenta
985 706 1127 746 intelligo
1143 730 1151 744 ,
1184 718 1240 737 seu

674 752 816 781 surculos
831 753 943 780 vitium
957 753 1094 789 cujusvis
1107 755 1238 792 generis,

674 798 739 826 sive
752 797 911 826 malleolos
925 819 932 833 ,
948 799 1013 827 sive
1033 798 1217 828 viviradices
1228 823 1235 835 ‚

674 844 739 871 sive
763 843 958 882 propagines.
985 844 1141 872 Martinus
1170 851 1238 873 tan-

675 895 742 917 tum
759 888 797 917 ad
815 889 1001 928 propagines
1024 888 1131 918 referri
1148 898 1238 929 posse

673 934 818 975 putabat,
836 935 908 973 quia
914 945 1041 973 premes
1051 943 1237 974 apponatur,

673 980 759 1019 quod
775 981 903 1021 proprie
925 979 963 1009 de
990 972 1107 1009 fisfflci
1127 983 1237 1021 possit.

672 1027 840 1056 Enimvero
852 1036 997 1066 premere
1012 1034 1103 1066 poeta
1119 1026 1158 1056 de
1173 1038 1237 1057 om-

672 1073 705 1101 ni
731 1072 923 1112 plantatione
949 1079 1031 1102 recte
1057 1072 1160 1102 dicere
1181 1084 1237 1113 po-

671 1125 729 1147 test
739 1141 747 1153 ‚
766 1129 838 1147 cum
853 1118 999 1147 surculus
1013 1120 1046 1147 in
1060 1119 1171 1148 scrobe
1181 1129 1236 1159 po-

671 1165 774 1201 nitur,
792 1162 958 1203 defigitur,
973 1163 1137 1194 infoditur.
1153 1167 1235 1194 Tum

672 1210 844 1240 Columella
859 1211 907 1238 III
918 1232 926 1246 ,
948 1220 958 1239 1
968 1210 986 1239 5
998 1232 1006 1245 ‚
1025 1216 1043 1245 4
1055 1232 1063 1246 ,
1084 1210 1141 1238 ubi
1163 1210 1234 1239 hos-

671 1267 706 1285 ce
719 1266 826 1285 versus
848 1256 956 1284 recitat
967 1278 975 1292 ,
993 1255 1030 1284 de
1046 1255 1234 1284 transferen-

670 1301 716 1331 dis
731 1301 770 1330 de
787 1302 952 1331 seminario
967 1302 1078 1330 vitium
1097 1301 1212 1341 plantis
1222 1325 1231 1336 ,

670 1358 735 1377 non
762 1347 800 1376 de
826 1348 996 1388 propagine
1027 1353 1080 1376 aut
1106 1346 1234 1376 traduce

669 1393 810 1433 loquitur
835 1402 842 1422 :
865 1394 920 1433 qui
944 1394 1004 1422 nisi
1027 1392 1235 1423 intercederet

670 1449 725 1468 sua
740 1439 1009 1479 interpretatione,
1026 1439 1150 1468 mallem
1167 1449 1233 1468 non

670 1485 767 1514 modo
791 1484 829 1514 de
850 1484 987 1522 vitibus,
1011 1484 1064 1514 sed
1086 1484 1232 1514 etiam‘de

671 1531 835 1560 arboribus
864 1532 1014 1570 accipere.
1052 1532 1150 1560 Porro
1171 1542 1235 1570 per

670 1587 762 1617 agros
771 1584 817 1606 est
831 1576 870 1606 de
883 1577 982 1606 vineis
996 1576 1231 1616 accipiendum;

668 1622 754 1664 quod
795 1623 948 1652 sermonis
994 1623 1111 1662 poetici
1151 1624 1230 1652 ratio

668 1668 834 1706 suadebat,
870 1675 906 1697 ut
946 1668 1087 1709 vulgares
1119 1668 1231 1698 modos

667 1716 796 1752 vitaret3
813 1721 881 1743 tum
896 1725 1014 1750 serere,
1030 1713 1152 1743 semina
1163 1736 1171 1751 ,
1188 1724 1232 1743 se-

666 1768 770 1801 getem
781 1782 789 1796 ,
797 1761 859 1798 jam
874 1770 954 1800 saepe
969 1759 1007 1788 de
1021 1760 1120 1788 vineis
1135 1765 1165 1788 et
1183 1770 1230 1788 ar-

668 1807 769 1836 bustis
780 1805 926 1835 vidimus.

717 1852 792 1887 348.
815 1851 889 1881 Vid.
908 1851 1022 1881 Colum
1038 1851 1059 1880 l.
1078 1851 1100 1880 l.
1123 1856 1154 1879 et
1168 1851 1231 1888 jam

669 1897 812 1927 laudatos
842 1906 849 1926 ε
879 1896 1021 1936 Theoph.
1052 1895 1089 1925 de
1123 1896 1228 1928 Causs.

670 1944 769 1973 Plant.
793 1944 857 1978 III,
879 1943 896 1971 5
919 1949 950 1971 et
982 1952 1016 1979 7,
1042 1952 1136 1982 quem
1164 1942 1231 1971 sine

670 1988 769 2018 dubio
784 1995 877 2028 poeta
892 1995 962 2018 aute
980 1988 1089 2017 oculos
1103 1987 1230 2024 hahuit,

670 2042 700 2063 et
727 2035 902 2074 Geoponic,
930 2036 970 2071 V,
989 2043 1020 2072 9.
1044 2034 1134 2062 Dixit
1148 2033 1229 2073 lapi-

670 2080 742 2109 dem
758 2079 893 2108 bibulum
905 2101 913 2115 ,
927 2080 1085 2119 pumicem
1097 2101 1105 2116 ,
1117 2086 1170 2109 aut
1185 2089 1230 2108 sa—

670 2126 820 2156 bulosum
831 2137 838 2162 3
849 2132 880 2154 et
892 2125 1073 2165 squalentes
1081 2124 1220 2154 conchas

672 2181 801 2202 mucosa
830 2171 932 2211 aliqua
955 2171 1049 2201 saliva
1074 2171 1234 2206 inductas,

1062 2236 1107 2271 23
