1408 2428
550 92 720 122 ECLOGA
745 93 800 122 152

85 153 180 200 Ipsae
198 150 292 188 lacte
314 151 467 188 domum
489 151 652 187 referent
673 150 833 187 distenta
854 150 1003 200 capellae

86 211 215 248 Ubera
232 227 241 259 3
262 226 330 249 nec
351 224 504 262 magnos
524 220 691 247 metuent
712 221 879 247 armenta
898 212 1035 248 leones.

87 276 174 321 Ipsa
198 273 266 309 tibi
285 273 443 309 blandos
466 272 622 308 fundent
643 271 829 308 cunabula
846 272 968 309 flores.

88 333 246 368 Occidet
262 343 298 369 et
313 346 478 382 serpens,
500 341 535 368 et
554 332 664 368 fallax
679 331 799 368 herba
817 333 953 368 veneni

88 391 264 438 Occidet3
280 393 476 441 Assyrium
490 393 604 441 vulgo
620 401 794 428 nascetur
814 404 1014 427 amomum.
1252 402 1282 424 25

86 454 155 498 At,
179 451 288 488 simul
308 450 468 488 heroum
485 452 612 488 laudes
630 461 666 488 et
687 452 783 488 sacta
803 451 967 500 parentis

87 514 108 547 J
112 523 171 546 am
190 511 326 561 legere,
347 521 383 548 et
404 526 487 561 quae
502 513 549 549 sit
568 512 710 561 poteris
731 524 956 560 cognoscere
974 510 1093 547 virtus
1111 526 1117 545 :

91 571 200 607 Molli
217 572 411 621 paullatim
431 572 604 608 flavescet
621 584 774 621 campus
791 572 916 616 arista,

93 632 326 682 Incultisque
346 631 486 669 rubens
506 631 687 682 pendebit
706 632 874 670 sentibus
895 644 994 678 uva3

90 750 132 777 tia
154 748 265 786 arhor,
285 750 396 778 acaciae
420 758 528 789 genus.
555 748 602 778 Cf.
628 748 665 777 ad

90 795 156 824 Ecl.
175 796 222 823 III
234 818 242 832 ,
266 796 318 831 45.
337 795 456 825 Ridens
476 801 522 823 est
536 794 663 831 florens,

89 840 239 880 pulcher3
257 842 421 870 notissimo
438 850 498 869 usu
515 841 602 869 vocis
622 839 664 869 ri-

89 887 174 924 dere,
189 887 296 930 γεὶᾷν,
317 884 410 929 ’γάνος
422 909 430 922 ,
447 886 615 929 qauz-‘icem
632 893 662 915 et

88 933 250 969 similium,
265 933 357 962 etiam
373 933 407 962 in
418 932 589 962 vernaculo
599 944 661 961 ser-

90 989 193 1009 mone.
211 979 396 1008 —Fundat
416 978 500 1019 apud
515 979 659 1009 Macrob.

90 1027 151 1055 Sat.
166 1027 229 1063 VI,
247 1025 278 1055 6.
295 1025 414 1055 Fundit
431 1025 515 1056 Gud.
540 1036 556 1055 a
577 1036 660 1056 man.

93 1081 154 1112 pr„
172 1078 203 1102 et
217 1082 294 1101 mox
309 1072 460 1112 referant.

139 1119 285 1148 21—25.
306 1120 406 1159 Ipsce,
423 1125 552 1159 sponte,
574 1119 664 1149 nullo

90 1163 242 1202 ducente,
259 1172 296 1194 ut
310 1167 382 1194 satis
402 1173 525 1195 notum.
544 1167 593 1196 Sic
610 1165 663 1195 αὺ-

90 1207 208 1252 rzipro
219 1209 402 1254 αὐτόματοι,
415 1212 551 1242 Theocr.
569 1212 663 1253 Idyll.

85 1258 149 1294 XI,
172 1268 223 1295 12,
244 1264 275 1287 et
290 1269 366 1288 mox
387 1270 416 1288 v.
443 1260 483 1288 23
507 1258 667 1288 cunabula

90 1302 228 1334 fimdent
242 1304 424 1348 ipsaflores,
436 1316 516 1345 quos
531 1305 667 1335 blandos

89 1349 171 1380 dixit
186 1360 242 1380 seu
259 1351 365 1381 colore
381 1358 411 1381 et
434 1352 596 1392 adspectu,
611 1362 667 1380 sen

90 1395 311 1438 odorergratos
333 1405 364 1427 et
388 1405 485 1428 tactu.
509 1397 606 1438 Quod
628 1408 667 1426 ex

88 1443 126 1471 iis
148 1441 242 1472 flores
259 1450 371 1483 sponte
385 1450 572 1480 nascuntur,
589 1443 667 1473 duc-

90 1495 159 1517 tum
183 1496 229 1518 est
248 1500 288 1518 ex
309 1490 363 1526 iis,
380 1500 451 1529 quae
473 1489 511 1518 de
534 1489 668 1519 deorum

89 1537 254 1574 praesentia
262 1542 291 1565 et
301 1533 466 1577 ἐπιφανείᾳ
477 1537 589 1575 passim
601 1546 669 1565 nar-

92 1588 205 1610 rantur
220 1591 228 1612 :
243 1581 388 1611 tellurem
399 1582 459 1611 sub
468 1592 578 1611 eorum
589 1593 670 1623 gres-

89 1637 127 1656 su
141 1633 173 1657 et
186 1627 304 1657 obtutu
326 1629 481 1658 virescere
504 1639 538 1657 ac
560 1628 668 1658 flores-

91 1683 171 1704 cere.
191 1691 237 1696 -——
257 1684 311 1704 22.
334 1676 482 1704 Metuant
496 1676 621 1716 Menag.
640 1682 670 1705 et

89 1720 221 1750 Mentel.
237 1736 284 1743 —-—
296 1726 349 1756 24.
371 1722 439 1751 Aut
456 1720 552 1750 herba
569 1732 669 1750 ‘zvene-

90 1765 143 1804 ni,
171 1777 274 1807 graeco
301 1778 389 1796 more
413 1778 473 1807 pro
501 1775 667 1804 venen3m3

90 1812 197 1842 eadem
203 1812 322 1854 fallax
333 1836 342 1851 ‚
355 1821 391 1843 ut
405 1814 520 1854 Georg.
537 1815 568 1843 ΙΙ
580 1837 588 1851 ,
608 1825 619 1843 1
629 1815 668 1843 52

91 1869 150 1888 nec
173 1859 303 1889 miseros
313 1859 445 1900 fallunt
471 1860 602 1890 aconita
626 1860 671 1889 Ie-

88 1911 222 1945 gentem
243 1911 298 1935 aut
311 1906 430 1947 fizllasc
456 1907 597 1943 veneni,
618 1916 671 1936 ve-

90 1960 175 1980 neno
211 1950 337 1989 fallaci3
368 1953 574 1993 exquisitiore
608 1962 672 1982 usu

90 2003 211 2037 poetae,
231 2004 268 2026 ut
280 1997 383 2027 audax
402 2000 507 2028 animi.
533 1997 674 2035 Occidet,

91 2053 203 2072 verum
226 2050 264 2073 ut
284 2043 383 2073 herba
406 2046 553 2074 moritur.
577 2046 675 2073 Inter-

90 2095 240 2130 puugunt
258 2089 310 2119 alii
327 2097 400 2130 post
408 2090 550 2128 veneni,
564 2097 601 2119 ut
618 2091 674 2118 ite-

90 2142 178 2165 retur
199 2136 330 2167 occidet.
341 2154 386 2159 —
395 2148 412 2166 2
420 2137 448 2166 5.
459 2136 622 2175 Assyrium
630 2153 676 2158 --

58 2196 67 2204 ·
93 2191 254 2212 amomum
265 2195 278 2219 ;
310 2183 398 2224 quod
423 2193 521 2223 genus
555 2183 678 2212 fruticis

94 2230 255 2259 aromatici
277 2235 331 2260 est.
350 2240 382 2260 τ.
399 2229 437 2259 ad
451 2229 516 2260 Ecl.
537 2230 603 2267 111,
622 2230 675 2269 89.

246 2296 274 2329 Ι.

718 747 885 786 Assyrium
899 757 974 776 vero
984 769 991 783 ‚
1007 756 1079 775 cum
1090 747 1249 776 Armenia·
1259 755 1289 776 et

718 793 834 823 Mediae
857 804 890 822 ea
906 793 1010 832 planta
1028 800 1116 822 esset.
1136 793 1174 822 cf.
1195 795 1288 822 Mart.

717 838 750 869 h.
783 839 804 868 l.
829 839 993 878 Assyrium
1027 846 1058 867 ec
1086 840 1179 868 Pierii
1208 840 1290 869 Lon-

717 885 848 927 gobard.
867 888 986 915 'Versus
1004 885 1108 914 deerat
1124 885 1209 915 Leid.

765 933 818 962 26.
847 934 948 962 Facta
976 939 1148 972 parentum
1181 932 1289 973 fragm.

717 980 833 1009 Moret.
854 986 885 1007 et
911 978 994 1008 Gud.
1023 989 1038 1007 a
1062 989 1122 1008 sec.
1150 989 1233 1008 man.
1263 986 1293 1007 et

717 1027 851 1055 Roman.
860 1026 962 1055 Pierii.
975 1042 1020 1048 »-
1030 1025 1095 1055 rbi
1109 1025 1211 1054 adolex
1221 1026 1290 1054 eris.

717 1073 788 1102 IIoe
812 1071 975 1113 splendide
999 1073 1210 1102 enuntiatum.
1228 1073 1292 1100 He-

718 1130 808 1148 roum
844 1119 954 1148 laudes
983 1125 1057 1148 sunt
1093 1118 1171 1147 facta
1199 1117 1292 1147 lande

719 1165 832 1207 digna,
861 1173 897 1194 ut
921 1164 999 1195 κλέα.
1033 1160 1152 1207 ἀνδρῶν
1184 1163 1292 1207 ’ἡρώων

720 1212 804 1253 apud
819 1213 948 1242 Homer.
968 1211 1055 1241 Iliad.
1074 1223 1115 1251 χ,
1133 1212 1208 1241 520.
1230 1214 1294 1240 Pa-

720 1270 804 1296 rens,
823 1260 914 1296 cujus
928 1257 1025 1299 fizcta
1045 1258 1148 1299 legere
1166 1259 1294 1299 poterit,

722 1313 775 1334 aut
803 1307 870 1345 ipse
899 1306 1091 1335 Octavianus
1118 1310 1176 1341 est,
1203 1305 1230 1333 si
1256 1303 1295 1332 de

721 1352 895 1382 scribouim
915 1361 1017 1391 puero
1041 1351 1162 1390 agilum
1180 1357 1254 1387 aut,
1269 1351 1295 1379 si

722 1397 760 1426 de
776 1398 915 1427 Oetaviae
927 1404 1033 1437 partu,
1052 1397 1086 1426 C.
1103 1396 1294 1432 Marcellu33

723 1444 814 1481 cujus
829 1450 934 1472 tamen
958 1445 1059 1473 virtus
1084 1452 1158 1472 cum
1182 1453 1296 1483 parum

722 1489 839 1519 nobilis
854 1496 885 1520 et
897 1489 1052 1520 celebrata
1061 1490 1110 1526 sit,
1119 1488 1296 1529 arripienda

722 1537 804 1565 foret
831 1537 1034 1572 conjectura,
1056 1545 1072 1563 a
1095 1536 1235 1565 Martino
1257 1535 1296 1564 ad

722 1592 753 1612 τ.
783 1582 822 1611 15
837 1582 1017 1622 proposita,
1035 1587 1072 1610 ut
1096 1581 1176 1611 forte
1194 1581 1297 1611 infans

721 1628 776 1657 ille
801 1628 838 1657 ab
853 1630 945 1658 Octax
955 1629 1027 1657 iano
1047 1626 1229 1667 adoptatus,
1244 1635 1298 1657 aut

723 1681 808 1703 certe
831 1675 866 1704 in
881 1675 966 1715 pacis
988 1673 1227 1704 conditionibus
1243 1674 1297 1703 ali-

725 1731 787 1761 qua
804 1722 925 1750 ratione
936 1721 964 1750 ei
976 1722 1140 1761 insigniter
1154 1730 1299 1760 prospec-

724 1774 794 1796 tum
811 1767 916 1797 fuerit.
939 1768 1020 1797 Cum
1036 1774 1150 1797 tamen-
1161 1773 1191 1795 et
1203 1766 1300 1804 hujus

724 1815 771 1842 rei
799 1813 877 1843 fides
904 1813 1045 1850 laboret,
1071 1813 1165 1842 altera
1192 1811 1298 1849 lectio,

715 1859 813 1901 fizcta
824 1859 1047 1900 paremunz,h.
1058 1860 1225 1897 majorum,
1236 1866 1302 1888 tan-

725 1916 820 1946 quam
836 1908 946 1942 tutior,
956 1905 1171 1946 amplectenda
1184 1907 1303 1936 erit.—

728 1961 782 1989 27.
798 1954 876 1992 Quae
895 1952 936 1981 sit
948 1951 1114 1989 ——qu'rtus‚
1127 1962 1187 1992 pro
1201 1953 1302 1982 virtu-

730 2003 793 2027 tem
817 2008 1007 2038 cognoscere
1023 2008 1032 2028 z
1046 1998 1206 2038 frequenfi
1227 2009 1303 2040 poe-

729 2049 831 2073 tarum
843 2067 851 2081 ‚
866 2046 1011 2085 inprimis
1027 2046 1215 2082 Homerico,
1232 2055 1303 2074 usu.

728 2091 830 2120 Nimis
844 2098 952 2131 argute
968 2091 1006 2120 ad
1020 2091 1229 2132 philosophiae
1245 2090 1307 2120 dis-

730 2136 880 2176 ciplinam
909 2137 1050 2168 trahunt.
1084 2155 1130 2161 -—
1151 2138 1205 2167 28.
1232 2138 1307 2169 Fla-

731 2183 825 2212 vescit
847 2182 931 2214 Gud.
953 2195 979 2214 a.
1006 2196 1048 2214 m.
1075 2195 1123 2226 pr.
1155 2183 1305 2215 Roneend.

732 2235 802 2260 tert.
821 2236 850 2261 et
866 2241 919 2270 qu.
940 2232 1055 2262 Moret.
1285 2232 1288 2237 ’

1085 2295 1110 2330 5.
