1377 2428
550 94 670 126 LIBER
694 96 752 126 ΙΙΙ.

60 148 212 185 Arduus
232 149 279 185 ad
298 148 413 185 solem
433 158 469 185 et
488 149 623 199 linguis
640 153 752 189 micat
771 166 837 190 ora
853 156 1025 195 trisulcis.

110 208 337 245 Morborum
352 221 503 258 quoque
524 219 559 246 te
579 224 726 250 caussas
746 224 782 251 et
802 216 905 265 signa
921 217 1077 256 docebo.

60 268 195 317 Turpis
217 268 297 304 ovis
317 276 433 305 tentat
449 269 610 317 scabies,
630 271 697 309 ulii
715 273 873 323 frigidus
889 277 1012 315 imber

57 327 180 364 Altius
198 327 244 363 ad
259 327 388 364 vivum
407 329 590 377 persedit,
612 340 647 368 et
667 331 822 370 horrida
842 348 935 372 cano

57 389 195 423 Bruma
214 387 298 437 gelu
306 402 316 433 ;
333 388 392 424 vel
415 402 531 438 quum
551 391 667 427 tonsis
692 392 830 430 inlotus
850 395 1006 433 adhaesit

1184 104 1246 134 353

1198 234 1246 260 440

56 447 200 493 Sudor,
217 457 252 484 et
273 447 408 485 hirsuti
426 460 626 488 secuerunt
644 465 805 502 corpora
826 467 971 505 vepres

53 507 236 544 Dulcibus
254 507 395 545 idcirco
414 509 538 547 fluviis
554 524 668 560 pecus
689 526 798 550 omne
814 516 982 565 magistri
1193 532 1240 559 445

54 567 304 613 Persundunt‚
326 569 483 618 udisque
500 571 595 608 aries
611 572 649 607 in
672 573 819 623 gurgite
839 576 935 613 villis

53 627 260 672 Mersatur,
280 628 488 678 missusque
504 632 668 668 secundo
685 633 815 671 defluit
835 636 951 682 amni3

52 688 128 722 Aut
148 695 295 724 tonsum
314 688 411 724 tristi
430 692 649 742 contingunt
666 706 802 744 corpus
820 708 987 745 amurca,

52 747 97 781 Et
116 759 265 795 spumas
285 748 440 786 miscent
461 752 621 801 argenti,
639 753 801 804 vivaque
818 756 978 803 sulfura,

50 880 119 910 pag.
141 881 196 907 12,
219 873 269 902 13.
286 876 394 913 Itaque
410 882 544 906 statuere
558 889 619 907 ma-

49 917 122 953 lim,
142 928 207 946 non
223 917 261 947 ad
285 930 385 948 uuum
410 928 530 962 tempus
552 924 618 955 haec

50 973 114 992 esse
136 966 326 1002 revocanda,
342 966 395 995 sed
411 967 530 998 diversa
552 981 615 999 me-

48 1011 179 1047 morari,
198 1009 229 1041 h.
256 1022 281 1041 e.
298 1012 435 1042 diversas
453 1025 572 1045 caussas
586 1025 617 1046 et

48 1062 203 1096 tempora,
222 1058 337 1097 quibus
357 1070 373 1088 e
386 1062 525 1090 cavernis
540 1073 614 1102 pro-

48 1101 142 1132 deant
165 1102 202 1131 atl
224 1104 418 1134 iracundiam
441 1108 615 1148 proclive53

47 1159 146 1188 quum
165 1150 305 1179 volvitur
321 1151 333 1192 (
343 1151 417 1192 aut)
430 1163 525 1182 novus
539 1166 615 1185 exu-

46 1193 100 1223 viis
115 1195 241 1234 positis,
265 1204 322 1226 auc
332 1198 511 1238 relinquens
524 1208 612 1230 catu-

47 1241 108 1277 los,
131 1248 186 1270 aut
197 1242 376 1282 relinquens
391 1256 459 1275 ova.
473 1263 519 1268 —
535 1249 610 1288 439.

43 1287 263 1317 Communiori
284 1291 404 1320 ratione
431 1291 529 1322 micat
549 1294 611 1324 lin-

40 1343 122 1374 gua,
143 1333 219 1363 dum
234 1334 374 1365 celeriter
390 1345 551 1376 movetur,
565 1343 610 1370 vi-

41 1378 171 1417 bratur3
196 1379 319 1416 doctius
330 1405 338 1418 ,
364 1394 488 1423 serpeus
514 1385 611 1416 micat

41 1425 158 1466 linguis
181 1427 214 1456 in
237 1438 299 1457 ore.
319 1430 402 1458 Tum
426 1431 542 1461 arduus
566 1434 612 1462 ad

40 1472 154 1508 solem,
182 1480 300 1503 erectus
326 1475 364 1504 ad
389 1477 503 1506 coelum
515 1501 523 1515 ,
554 1479 607 1508 sed

42 1528 114 1547 cum
128 1518 260 1557 dilectu,
275 1520 313 1549 ad
327 1522 423 1551 solem
433 1546 440 1560 ‚
459 1525 547 1562 cujus
562 1536 607 1555 ca-

38 1564 106 1594 lore
118 1573 284 1596 recreatur.
295 1569 452 1598 Junetura
462 1577 525 1601 est:
538 1573 607 1601 ‘vol-

38 1609 131 1647 vitur,
150 1611 182 1642 h.
209 1623 235 1642 e.
261 1614 362 1644 volvit
381 1625 429 1653 se,
455 1623 486 1645 et
509 1617 608 1648 micat

36 1656 162 1688 arduus.

85 1709 160 1739 440.
183 1705 231 1734 De
254 1706 373 1736 morbis
392 1709 499 1738 ovium
517 1712 601 1742 conf.

36 1750 137 1779 Varro
152 1752 190 1781 R.
205 1753 244 1781 R.
258 1752 306 1787 II,
325 1763 338 1782 1
352 1775 360 1789 ‚
376 1763 414 1782 21
436 1766 503 1795 sqq.
523 1757 602 1786 Αηί-

36 1795 292 1826 madvertendum
309 1821 316 1836 ‚
351 1810 422 1839 quoe
451 1802 600 1843 cujusque

36 1841 135 1870 morbi
143 1841 210 1872 sint
219 1853 348 1881 caussae,
359 1857 493 1886 quaeque
506 1849 599 1889 signa

33 1897 142 1916 earum
168 1898 349 1918 caussarum
371 1891 449 1929 sint,
472 1900 504 1922 et
526 1906 599 1934 quae

32 1943 188 1974 quemque
209 1935 348 1964 morbum
366 1937 448 1966 ratio
464 1941 602 1970 curandi

31 1979 122 2020 sequi
135 1980 316 2016 debeat;-—
328 1989 359 2011 et
375 1983 497 2015 Colum.
513 1988 594 2024 VII,

35 2019 200 2062 5'2—441.
217 2027 298 2057 Vide
314 2028 438 2060 Colum.
454 2030 476 2060 l.
494 2042 520 2062 e.
537 2032 595 2063 ubi

31 2083 56 2102 s.
74 2072 104 2109 5,
119 2071 157 2102 ad
166 2071 198 2102 h.
212 2072 233 2102 l.
244 2081 445 2113 provocatur.
459 2094 504 2100 -——
516 2084 592 2115 442.

31 2118 191 2153 Persedd,
215 2122 377 2158 pervenit,
400 2127 595 2163 penetravit3

30 2164 104 2194 alias
114 2187 122 2202 ‚
138 2164 263 2196 insedit.

81 2211 157 2247 445.
186 2211 211 2241 Ε
235 2214 378 2243 Varrone
400 2216 447 2253 ΙΙ,
475 2227 510 2254 1,
539 2219 591 2249 23.

672 882 755 910 Hinc
783 892 853 921 sup.
878 885 908 919 I,
933 894 995 921 272
1015 894 1079 916 erat
1094 897 1101 917 :
1127 888 1238 918 balan—

671 934 796 967 tumque
829 939 959 969 gregem
970 930 1074 973 fluvio
1100 945 1236 966 mersare

670 973 797 1002 salubri.
818 990 865 997 ——-
889 976 952 1011 448
975 994 1022 999 —
1043 980 1119 1015 451.
1143 982 1234 1012 Conf.

670 1020 772 1049 Varro
790 1020 837 1056 ΙΙ,
871 1031 882 1050 1
894 1032 905 1050 1
920 1044 928 1057 ‚
956 1033 971 1060 7
985 1033 993 1059 3
1009 1025 1133 1057 Colum.
1154 1029 1233 1065 VR,

671 1070 688 1099 4
702 1088 709 1101 ‚
730 1076 764 1103 7,
785 1066 802 1095 5
815 1090 822 1101 ‚
848 1078 878 1105 73
896 1069 1041 1109 Geopon.
1062 1074 1193 1110 XVIII,
1216 1076 1233 1103 8

668 1117 698 1140 et
720 1112 768 1142 15.
784 1113 936 1154 Compara
951 1117 1044 1146 etiam
1059 1119 1161 1149 Gratii
1176 1121 1236 1161 Cy-

667 1167 736 1197 neg.
763 1165 778 1194 4
791 1160 827 1189 [5
840 1183 848 1197 a
874 1161 949 1195 4Ι6.
977 1163 1088 1201 Tristi,
1112 1176 1212 1195 amara
1225 1190 1233 1204 ,

666 1210 703 1232 ut
729 1215 820 1245 saepe.
842 1208 884 1235 Ut
908 1207 1001 1237 tristis
1022 1210 1146 1250 lupinus
1173 1213 1230 1243 Ge.

665 1250 696 1284 Ι,
717 1251 768 1287 75.
792 1251 985 1293 Contingunt
1008 1256 1046 1286 cf.
1066 1267 1135 1298 sup.
1153 1260 1230 1294 403.

666 1297 783 1335 Spuma
794 1299 926 1339 argenti,
938 1311 969 1331 n.
980 1301 1230 1345 defewesceutis,

664 1342 739 1372 dum
754 1346 901 1384 coquitur
909 1346 921 1386 (
929 1346 1043 1389 lieatge
1052 1350 1229 1393 cl'argent).

662 1391 764 1419 Locus
784 1391 821 1420 de
842 1402 876 1420 ea
898 1393 1042 1424 classicus
1057 1397 1142 1436 apud
1165 1399 1227 1428 Ph·-

661 1437 750 1465 nium
777 1439 921 1468 XXXIII
932 1463 940 1476 ‚
967 1440 987 1469 6
998 1463 1006 1478 ,
1032 1452 1055 1471 S.
1085 1444 1137 1474 35.
1162 1445 1226 1474 Pix

661 1482 767 1520 Idaea,
782 1487 979 1523 praestantius
999 1498 1117 1528 genus3
1136 1491 1227 1521 intel-

658 1527 719 1569 lige
731 1536 835 1559 autem
845 1530 997 1569 liquidam
1008 1533 1224 1578 (legoudron),

659 1584 699 1603 ex
712 1575 792 1606 Plin.
807 1578 915 1606 XXIV
925 1601 933 1615 ‚
948 1590 963 1616 7
978 1603 986 1616 ,
1001 1591 1024 1610 S.
1043 1587 1094 1616 24.
1114 1583 1223 1623 Scilla,

661 1631 736 1660 cepe
751 1624 918 1654 marinum.
930 1627 960 1654 E
962 1626 1098 1657 lleborus
1105 1630 1224 1669 gravis,

659 1678 674 1696 a
689 1669 775 1706 gravi
789 1669 896 1700 odore.
917 1672 1032 1701 Album
1053 1681 1156 1704 autem
1174 1687 1226 1717 ge—

656 1724 717 1742 nus
738 1713 769 1744 h.
791 1715 812 1745 1.
832 1719 981 1756 spectari,
996 1719 1145 1750 viderunt
1159 1722 1222 1759 J'am

655 1760 708 1788 alii
720 1771 760 1789 ex
771 1761 894 1792 Colum.
905 1765 983 1801 VH,
998 1765 1016 1793 5
1027 1787 1035 1801 ‚
1054 1776 1082 1803 7.
1094 1773 1220 1808 ——449.

655 1805 796 1846 Vivaque
828 1807 948 1849 sulfura
959 1832 967 1846 ‚
1004 1811 1092 1850 quod
1121 1815 1221 1854 vulgo

652 1851 775 1889 editur,
790 1853 851 1882 nisi
872 1855 958 1894 quod
974 1856 1008 1885 in
1029 1858 1135 1889 Elzev.
1159 1861 1221 1890 sul-

643 1896 703 1938 fra
715 1900 868 1938 scriptum
878 1900 980 1938 video,
991 1910 1092 1942 quart.
1101 1906 1218 1938 Moret.

651 1945 800 1974 Rotteud.
824 1952 894 1975 tert.
926 1954 957 1977 et
982 1948 1059 1979 alter
1085 1953 1215 1984 Mentel.

649 1988 826 2027 habebant3
856 1999 887 2021 et
909 1999 1039 2024 tuentur
1071 1999 1195 2028 Servius
1208 2023 1217 2037 ‚

649 2036 770 2065 Marius
790 2038 974 2069 Victorinus
986 2063 993 2077 ‚
1016 2043 1124 2073 multae
1142 2044 1213 2076 edd.

648 2088 723 2112 vett.
733 2105 740 2119 ,
760 2089 791 2112 et
803 2091 848 2113 est
861 2089 1039 2117 communis
1049 2089 1155 2121 lectio.
1170 2092 1215 2121 At

648 2129 739 2158 Rom.
750 2129 866 2161 Medic,
877 2142 1047 2173 omnesque
1057 2136 1108 2165 alii
1119 2137 1213 2167 codd.

646 2175 738 2203 Pierii
757 2175 894 2216 (Medic.
909 2179 1036 2219 quidem
1047 2189 1077 2211 et
1090 2185 1212 2225 Longo-

646 2218 736 2252 hard.
750 2232 765 2250 a
778 2233 820 2253 m.
834 2224 918 2265 sec.)
941 2236 1014 2255 cum
1032 2228 1097 2259 Erf.
1111 2236 1143 2259 et
1161 2230 1212 2259 vel

992 2291 1057 2327 30*
