1377 2428
543 101 663 130 LIBER
687 102 742 130 IV.

1176 101 1237 129 385

59 162 239 195 Curetum
256 159 397 195 sonitus
416 157 710 206 crepitantiaque
727 169 800 193 aera
820 166 970 202 secutae,

56 219 199 255 Dictaeo
217 219 299 255 coeli
315 231 439 268 regem
458 230 595 267 pavere
613 216 682 254 sub
701 225 819 253 antro.

57 278 153 315 Solae
173 278 379 314 communis
396 285 524 326 gnatos
535 304 544 322 ‚
560 277 747 312 consortia
762 284 859 312 tecta

57 337 171 373 Urbis
187 337 344 382 habent,
361 336 576 386 magnisque
593 336 733 384 agitant
749 334 818 371 sub
835 334 979 383 legibus
998 348 1135 381 aevum3

56 399 99 432 Et
117 397 275 445 patriam
292 396 378 433 solae
398 404 434 432 et
455 404 574 432 certos
589 407 729 431 novere
746 394 908 443 penatis;

1191 402 1237 426 155

54 459 304 505 Venturaeque
320 456 452 492 hiemis
467 467 648 491 memores
673 462 798 490 aestate
817 453 984 489 laborem

53 516 328 564 Experiuntur,
351 523 386 551 et
406 515 444 550 in
462 514 627 550 medium
647 514 801 562 quaesita
818 522 1016 562 reponunt.

54 577 223 622 Namque
245 574 325 610 aliae
345 574 447 610 victu
466 574 677 622 invigilant,
697 582 733 609 ct
751 572 888 608 foedere
905 580 1014 620 pacto

54 636 284 670 Exercentur
305 634 420 682 agris3
441 646 526 682 pars
543 633 642 669 intra
657 641 771 681 saepta
790 631 988 668 domorum

53 693 216 729 Narcissi
236 694 444 738 lacrimam,
462 701 498 729 et
517 693 658 729 lentum
674 693 720 729 de
740 693 878 729 cortice
893 692 1036 740 gluten,
1189 704 1234 725 150

48 881 129 909 antri
148 880 259 908 Dictaei
284 879 390 919 religio
415 885 445 908 et
470 889 564 918 apum
579 881 613 908 in

48 936 84 953 eo
118 926 259 956 examina
296 932 443 964 certoque
473 932 613 964 tempore

47 972 237 1011 erumpentis
262 972 341 1010 ignis
365 971 561 1011 prodigiumg
579 982 608 1001 v.

46 1018 201 1046 Antonin.
234 1017 288 1046 lib.
327 1027 375 1055 19.
418 1017 610 1047 Obscuriora

47 1070 149 1091 tamen
165 1069 238 1092 sunt
250 1063 312 1096 illa,
333 1062 369 1091 ad
386 1073 456 1101 quae
472 1064 562 1092 Maro
576 1062 606 1092 h.

45 1107 65 1137 l.
89 1109 249 1148 respexit3
269 1119 368 1147 eoque
395 1109 609 1148 interpretatio

46 1164 111 1182 non
133 1155 205 1183 satis
224 1160 307 1190 tuta;
323 1155 466 1194 inprimis
480 1161 610 1194 propter

45 1199 140 1228 verba
149 1211 210 1239 pro
224 1211 286 1239 qua
301 1201 452 1230 mercede.
464 1200 546 1230 Nolo
555 1201 608 1229 ite-

44 1255 115 1274 rum
130 1256 175 1281 ea,
185 1256 255 1286 quae
270 1246 346 1275 olim
361 1245 515 1285 disputata
522 1252 606 1282 sunt,

43 1298 181 1331 repetere
197 1302 205 1328 ς
235 1291 288 1321 sed
318 1301 488 1331 apponam,
523 1291 608 1331 quod

40 1338 103 1374 jam
112 1338 247 1377 praetuJi.
258 1339 277 1367 J
280 1347 370 1367 ovem
380 1348 513 1376 puerum
525 1347 605 1376 apeS,

42 1382 158 1412 allectae
190 1383 341 1422 cymbalis
372 1383 535 1419 Curetum,
552 1382 605 1411 sub

40 1435 132 1457 antro
141 1430 256 1458 montis
272 1428 380 1457 Dictes
391 1429 424 1457 in
441 1429 531 1458 Creta
541 1438 604 1466 pa-

39 1481 148 1503 verant
156 1475 262 1511 melle3
277 1485 335 1513 pro
349 1484 383 1502 ea
395 1484 438 1510 re,
453 1480 603 1512 tanquam

38 1519 187 1549 mercedis
203 1530 238 1548 ac
252 1520 373 1559 praemii
389 1519 477 1555 loco,
493 1520 602 1547 miram

36 1566 136 1603 hanc,
155 1572 186 1594 et
210 1565 351 1594 humano
376 1566 504 1604 ingenio
522 1565 603 1593 simi-

34 1612 96 1640 lem
118 1618 258 1641 naturam
276 1612 313 1639 iis
334 1611 447 1640 indidit
466 1612 601 1650 Jupiter.

34 1657 157 1687 Extulit
174 1657 240 1686 haec
264 1663 355 1696 poeta
381 1658 503 1686 inverse
519 1665 526 1686 ε
543 1667 596 1685 na—

34 1710 118 1732 turas
133 1703 187 1732 has
201 1702 318 1732 indidit
335 1703 460 1742 Jupiter
474 1701 596 1741 apibus,

33 1759 91 1788 pro
118 1748 279 1784 mercede,
305 1747 388 1788 ejus,
418 1748 505 1788 quod
525 1758 597 1777 eum

31 1804 164 1834 puerum
179 1794 253 1832 oli-[n
264 1801 430 1833 paverant.
444 1795 538 1824 Nunc
552 1803 597 1823 re-

30 1840 123 1869 lative
140 1839 308 1876 redditum,
318 1850 379 1878 pro
395 1851 459 1879 qua
474 1850 522 1875 re,
535 1850 595 1879 pro

32 1896 95 1925 qua
109 1885 250 1914 mercede
260 1907 268 1921 ,
282 1895 340 1924 pro
354 1895 391 1914 eo
407 1884 493 1925 quod
504 1895 597 1925 pave-

30 1931 130 1967 re3in
154 1930 330 1959 mercedem
347 1931 412 1968 ejus
431 1930 527 1970 quod.
550 1932 596 1959 Ita

30 1977 128 2016 vulgo
151 1975 285 2012 dieitur,
296 1986 357 2015 pro
375 1986 436 2020 qtsso
447 1998 455 2012 ‚
472 1982 508 2005 ut
531 1977 570 2005 sit
585 1985 593 2005 2

27 2019 88 2062 p'ro
112 2032 149 2051 eo
175 2021 279 2061 quod,
302 2018 368 2050 ἀντὶ
388 2021 431 2051 οὑ.
448 2021 598 2051 Evheme-

28 2078 100 2097 rum
128 2074 253 2107 poetam
281 2073 351 2096 ante
379 2067 487 2096 oculos
509 2067 540 2097 h.
567 2067 589 2097 l.

27 2113 160 2154 Virgilio
187 2112 280 2142 fuisse
305 2112 452 2142 discimus
475 2123 515 2141 ex
532 2113 591 2143 Co-

26 2158 103 2189 lum.
121 2161 178 2195 IX,
195 2168 225 2195 2,
243 2159 273 2188 3.
292 2160 402 2194 Locus,
419 2159 474 2198 qui
491 2159 592 2198 sequi-

29 2210 90 2242 tur,
107 2211 153 2234 est
168 2215 207 2233 ex
222 2204 491 2244 praestantissimis,
500 2214 592 2244 prop-

153 2270 183 2304 Ι.

668 885 714 907 ter
749 878 929 919 dig-nitatem
957 880 1099 909 tenuitati
1127 891 1231 910 rerum

666 924 799 953 additam
810 947 817 961 ,
835 935 875 954 ex
892 926 1046 955 translatis
1068 925 1106 953 ab
1123 926 1233 956 huma-

664 981 706 1000 no
730 981 852 1011 genere.
868 972 999 1001 —155.
1021 971 1163 1001 Patriam
1190 975 1230 1002 si-

663 1017 730 1045 mili
756 1017 852 1046 modo
876 1017 956 1046 dixit
985 1017 1149 1048 Columell.
1172 1020 1229 1056 IX,

668 1073 717 1099 12,
739 1073 775 1099 13
792 1065 840 1092 IX
856 1073 894 1102 9,
917 1073 942 1092 1.
962 1063 1015 1092 Ad
1030 1063 1137 1092 locum
1158 1065 1232 1095 facit

663 1108 809 1138 Ambros.
821 1110 970 1138 Hexaem.
982 1111 1021 1144 V,
1039 1120 1055 1137 2
1065 1120 1077 1138 1
1085 1132 1091 1138 .
1101 1121 1165 1139 —1
1175 1111 1226 1148 57.

663 1155 776 1194 Georg.
794 1156 826 1191 I,
845 1165 904 1191 127
925 1156 963 1183 In
984 1155 1120 1184 medium
1141 1167 1227 1196 φαε-

660 1201 780 1230 rebanl.
810 1218 856 1222 -
878 1201 950 1230 158.
972 1200 1093 1229 Victum
1124 1210 1225 1241 quart.

660 1247 775 1275 Moret.
796 1245 900 1274 Vicluz'
921 1256 982 1275 sec.
1008 1247 1123 1277 Moret.
1140 1248 1227 1288 Vigi-

661 1292 732 1320 lanc
752 1291 845 1331 apud.
862 1292 1010 1322 Priscian.
1030 1294 1103 1322 VII.
1118 1294 1226 1323 Foede-

660 1348 692 1365 re
714 1348 815 1376 parco
843 1339 919 1376 Reg.
942 1338 1071 1367 Martin.
1095 1356 1140 1360 —
1157 1341 1232 1374 Par-v*

658 1383 722 1411 titae
737 1384 820 1410 inter
834 1392 865 1410 se
881 1393 961 1422 opus
971 1394 1007 1411 ac
1017 1394 1146 1413 munera
1160 1395 1224 1414 cer-

657 1435 689 1457 to
699 1427 809 1456 ordine
822 1427 902 1467 (hoc
911 1435 956 1456 est
959 1427 1085 1468 foedere
1091 1431 1221 1471 pacto),

655 1473 721 1502 aliae
734 1473 824 1502 victu
839 1472 1017 1513 invigilant,
1029 1476 1129 1504 victui
1141 1487 1224 1515 quae—

655 1518 764 1555 rendo,
781 1518 852 1548 cibo
870 1520 1080 1558 congerendo,
1095 1531 1220 1561 operam

655 1564 740 1601 dant,
755 1570 785 1593 et
798 1572 986 1593 exercentur
992 1565 1088 1606 agris,
1103 1567 1221 1597 discur-

655 1621 692 1639 su
706 1617 737 1640 et
746 1611 906 1651 vagatione
915 1618 1080 1648 vexantur,
1090 1612 1219 1653 fatigan-

651 1662 712 1691 tur,
732 1666 788 1695 per
811 1666 916 1696 agros;
934 1667 1004 1695 quae
1032 1657 1135 1687 Graeci
1163 1670 1219 1699 per

649 1701 787 1730 medium
796 1724 806 1737 ,
825 1712 882 1730 nos
898 1703 1058 1741 reciproce
1072 1705 1219 1745 exprimi-

649 1758 729 1784 mus,
744 1754 891 1776 exercent
904 1758 935 1777 se
954 1757 961 1777 ι
976 1754 1012 1777 ut
1029 1759 1109 1788 saepe
1126 1760 1216 1779 exer-

649 1793 713 1823 ceri
745 1792 919 1829 laboribus,
939 1804 1049 1832 opere,
1069 1794 1215 1833 dicimur,

648 1838 736 1878 quod
749 1845 924 1868 tractamus.
939 1839 1083 1868 Habebat
1097 1840 1150 1870 hic
1166 1851 1216 1871 an-

648 1892 678 1915 te
703 1885 811 1914 oculos
838 1890 929 1923 poeta
959 1885 1089 1915 An‘stot.
1113 1888 1154 1917 H.
1172 1888 1212 1917 A.

649 1932 715 1966 IX,
740 1936 800 1965 40,
827 1939 897 1969 pag.
916 1930 981 1969 946
1008 1937 1088 1960 extr.
1110 1933 1213 1962 Lineae

649 1983 752 2005 autem
765 1982 839 2004 sunt
854 1975 957 2005 ductae
975 1976 1037 2013 jam
1053 1977 1088 2006 in
1103 1978 1213 2008 Hesio-

650 2022 691 2051 do
707 2024 734 2051 Θ
750 2038 795 2043 --
815 2021 879 2061 596
895 2031 961 2061 sqq.
978 2038 1024 2044 ——
1038 2023 1110 2052 160.
1124 2025 1209 2053 Nar-

643 2066 715 2097 cissi
737 2066 922 2104 lacrimam,
939 2073 1074 2107 guttam,
1092 2075 1215 2106 nectar,

642 2113 808 2142 humorem
830 2112 964 2149 dulcem,
981 2123 1036 2143 seu
1051 2113 1207 2151 melleum,

643 2169 736 2198 quem
759 2159 841 2187 imus
862 2157 977 2187 florum
1000 2159 1092 2199 calyx
1115 2169 1208 2188 exsu-

643 2204 706 2235 dat.
723 2206 803 2235 Tum
818 2203 928 2244 gluten
949 2215 964 2233 e
981 2205 1100 2242 resina,
1117 2215 1206 2247 gum-

1033 2268 1076 2303 33
