1408 2428
579 79 699 108 LIBER
725 79 749 106 I.

1198 79 1263 108 205

76 136 143 172 Illa
159 137 278 173 levem
296 136 439 185 fugiens
455 135 592 185 raptim
607 143 707 171 secat
724 134 863 170 aethera
882 133 1025 183 pennis.

75 200 172 233 Tum
192 196 352 246 liquidas
373 196 477 233 corvi
497 208 625 245 presso
642 204 698 231 ter
715 202 866 244 gutture
881 207 992 230 voces

1214 207 1261 232 1210

76 260 151 293 Aut
171 266 303 306 quater
320 257 566 306 ingeminant3
587 265 623 292 et
643 268 740 305 saepe
760 253 947 290 cubilibus
963 255 1044 292 altis
1057 283 1066 299 ,

74 318 210 354 Nescio
232 330 306 366 qua
325 324 462 366 praeter
477 317 627 353 solitum
646 315 840 352 dulcedine
860 314 951 359 laeti,

74 381 177 415 Inter
197 392 234 414 se
252 378 348 414 foliis
366 378 581 428 strepitant,
597 377 703 427 juvat
724 375 909 412 imbribus
926 374 1016 411 actis

72 438 292 487 Progeniem
307 451 462 486 parvam
483 438 676 487 dulcisque
695 437 858 473 revisere
877 434 997 471 nidos.

74 496 185 532 Haud
201 497 374 546 equidem
395 498 527 542 credo,
545 498 633 546 quia
653 498 699 534 sit
718 496 895 532 divinitus
915 494 985 530 illis

1212 505 1259 531 415

72 556 286 605 Ingenium,
306 566 368 592 aut
389 570 515 592 rerum
534 558 608 592 fato
627 556 827 606 prudentia
846 554 982 604 major;

70 617 229 660 Verum,
246 614 312 651 ubi
331 624 529 666 tempestas
546 626 581 653 ct
598 617 679 653 coeli
699 616 847 652 mobilis
866 615 1004 650 humor

74 677 270 712 Mutavere
286 676 384 722 vias,
405 686 441 713 et
461 680 480 713 J
485 677 636 726 uppiter
656 676 792 713 uvidus
812 674 946 712 austris

72 803 125 832 cis.
139 820 185 826 ——
201 810 262 841 407
279 822 326 828 --
342 811 406 844 409
425 808 647 849 ταυτολογιῦν-

72 859 126 883 τας
151 857 181 879 et
204 852 332 890 spurios
356 852 523 881 damnabat
538 852 643 883 Reisk.

72 895 159 934 quod
189 896 333 926 abessent
357 898 396 926 ab
420 898 494 928 edit.
514 900 645 939 Argent.

37 955 39 958 ·
72 941 209 981 ideoque
227 953 242 971 e
260 944 326 973 Ciri
342 945 508 974 translatos
525 952 648 985 reputat

31 1002 34 1006 ·
72 988 227 1028 Heynius.

122 1040 197 1068 [410.
222 1035 341 1064 Aratus
369 1035 446 1067 ibid.
465 1048 496 1066 v.
524 1048 585 1074 271
599 1055 644 1060 —-

73 1090 151 1118 277,
168 1080 222 1109 sed
239 1081 402 1119 disertius,
419 1090 449 1112 et
463 1085 586 1113 Lucret.
602 1086 641 1114 V.

77 1136 158 1164 ¹077
181 1144 228 1149 —
245 1128 340 1158 1085.
367 1131 476 1158 Presso
502 1137 640 1170 gutture,

72 1180 245 1210 coarctato,
257 1182 351 1204 acuto
362 1182 468 1212 cantu,
483 1176 640 1217 clangore,

71 1219 324 1262 λιγαινομένοισιν
353 1219 454 1263 ὁμοῖα..
483 1224 578 1251 Vaces
607 1222 642 1251 li-

70 1265 177 1304 quidae
191 1276 309 1306 oppon.
321 1268 434 1305 raucis,
446 1269 563 1308 quibus
574 1279 641 1298 cor-

71 1321 130 1340 vus
154 1312 270 1342 imbres
297 1313 369 1342 alias
396 1313 561 1343 denuntiat
577 1325 584 1344 .·
600 1315 638 1344 cf.

74 1356 154 1386 Plin.
186 1358 208 1387 l.
239 1369 266 1388 e.
294 1376 340 1381 -—
358 1365 374 1394 4
385 1371 434 1389 12.
462 1361 640 1389 Dulcedlne

69 1401 289 1445 captiMenag.
302 1412 332 1433 et
343 1406 439 1435 Goth.
451 1416 498 1445 pr.
508 1425 552 1429 —
561 1404 637 1436 Χαί-

72 1458 131 1489 ρειν
160 1447 197 1477 κέ
226 1460 269 1484 τις
294 1447 429 1481 &ccmo
454 1451 532 1482 ibid.
558 1459 634 1490 274.

70 1494 247 1524 Dulcedine
274 1496 355 1532 laecz',
399 1497 431 1528 h.
461 1498 635 1538 voluptate,

66 1540 192 1580 gaudio.
202 1542 316 1572 Similis
331 1543 420 1573 locus
438 1545 495 1573 inf.
510 1546 569 1581 IV,
582 1545 634 1574 55.

64 1604 110 1608 —
131 1588 208 1622 413.
233 1589 350 1618 Moreti
367 1600 451 1619 unus
467 1590 634 1629 crepitant.

68 1631 220 1662 Imbribus
250 1634 348 1671 act1'5‚
374 1637 505 1674 exactis,
520 1635 628 1674 finitis,

64 1677 282 1709 desinentibus
291 1704 299 1717 ‚
315 1682 517 1711 Burmannus
531 1693 628 1723 expo-

62 1724 158 1754 nebat
173 1735 180 1754 :
192 1736 313 1763 vereor,
325 1737 365 1756 ne
377 1728 451 1757 hinc
466 1730 567 1758 tenuis
580 1730 628 1758 ni-

62 1771 120 1800 mis
130 1771 210 1801 ratio
220 1774 391 1804 exoriatur.
410 1774 526 1804 Melius
536 1775 626 1810 accis,

62 1816 196 1855 abactis,
225 1819 334 1858 pulsis.

72 1869 76 1873 '
109 1863 185 1898 415.
209 1865 283 1894 Non
304 1865 366 1895 hoc
389 1877 441 1896 eos
463 1874 628 1907 propterea

59 1908 161 1939 facere
183 1909 285 1939 videri
306 1913 370 1949 ait,
401 1914 474 1951 quia
497 1912 558 1941 illis
582 1913 630 1942 di-

59 1953 171 1983 vinicus
194 1954 235 1984 sit
258 1955 419 1997 ingenium
438 1980 446 1995 ,
479 1958 511 1988 h.
537 1969 563 1988 e.
587 1969 628 1988 ex

55 2000 329 2040 Pythagoreorum
347 2025 355 2040 ,
392 2004 625 2034 Platonicorum

10 2054 14 2056 “
57 2055 93 2074 ac
114 2047 297 2076 Stoicorum
318 2049 439 2088 placitis
456 2061 534 2089 pars
551 2050 626 2087 divi-

56 2101 108 2121 nae
136 2092 251 2122 mentis
273 2101 305 2124 et
326 2093 455 2124 haustus
481 2095 619 2133 oetherii,

54 2144 90 2166 ut
115 2139 181 2175 fv,
210 2149 288 2179 219,
317 2150 381 2171 220
404 2164 412 2178 ‚
437 2141 495 2171 ubi
521 2142 619 2173 vide:

54 2183 138 2214 conf.
164 2184 274 2216 Cicero
299 2185 342 2217 dev
360 2189 469 2219 Divin.
494 2189 528 2225 Ι,
554 2195 596 2229 49
611 2211 619 2225 ,

208 2250 237 2283 Ι.

700 816 724 834 s.
749 814 823 840 110,
849 804 889 833 53
905 814 975 843 pn,
1001 811 1057 832 aut
1079 813 1181 832 rerum
1194 815 1268 844 pru-

700 850 809 879 dentia
830 849 935 890 major
944 849 1040 890 fato,
1059 849 1091 879 h.
1111 860 1205 889 quam
1227 851 1267 879 fa-

701 904 766 925 tum
779 920 786 933 ,
804 897 954 925 hactenus
967 895 1086 925 scilicet
1097 918 1104 931 ,
1120 904 1173 933 ut,
1190 898 1268 936 quid

700 943 842 972 futurum
872 944 911 972 sit
939 942 1003 971 fato
1020 964 1028 978 ,
1066 943 1125 982 ipsi
1152 944 1265 982 praevi-

700 989 794 1018 deant
828 996 858 1018 et
892 989 1102 1029 praesentiaut.
1142 990 1267 1019 Scilicet

697 1036 775 1065 solet
804 1036 841 1064 iis
865 1038 918 1075 qui
953 1035 1117 1064 diviuaudj
1139 1035 1266 1065 faculta-

698 1088 759 1111 tem
782 1082 917 1118 hahent,
946 1088 1082 1121 potestas
1107 1081 1208 1121 aliqua
1236 1090 1266 1111 et

696 1129 864 1168 imperium
887 1129 921 1157 iu
945 1128 1044 1157 fatum
1069 1129 1191 1167 poetica
1218 1138 1264 1157 ra-

697 1175 782 1204 tione
812 1175 919 1204 tribui.
949 1174 1064 1204 Nescio
1092 1181 1196 1203 tamen
1223 1184 1261 1203 an

695 1231 826 1260 usquam
858 1221 910 1249 illa
942 1220 1107 1249 dixinandi
1134 1221 1182 1249 vis
1210 1220 1264 1249 ha-

693 1266 758 1296 bita
783 1269 823 1296 sit
853 1266 957 1306 major
971 1266 1066 1306 fato,
1099 1276 1168 1305 quae
1202 1266 1261 1296 fata

694 1320 814 1342 mutare
840 1319 962 1352 posset3
992 1311 1078 1351 quod
1104 1322 1162 1340 nec
1187 1313 1263 1342 Jovi

692 1359 806 1388 licebat
826 1381 833 1395 ,
869 1356 925 1397 q'ui
952 1364 1075 1386 tantum
1104 1357 1260 1388 retardare

692 1406 788 1434 fatum
805 1412 938 1445 poterat.
962 1406 1072 1443 Itaque
1092 1404 1260 1443 praeferen-

690 1451 728 1479 da
744 1462 809 1480 esse
822 1451 949 1480 videtur
965 1450 1060 1479 altera
1071 1472 1079 1487 ,
1098 1460 1169 1490 quae
1183 1450 1257 1480 faci-

689 1497 774 1526 litate
803 1508 834 1526 se
862 1496 1080 1532 commendat,
1110 1497 1259 1536 interpre-

691 1544 766 1572 tatio
791 1553 797 1572 :
826 1557 841 1568 «
858 1543 930 1582 quia
957 1553 1062 1571 rerum
1090 1542 1257 1582 prudentia

690 1590 787 1627 major
803 1588 814 1628 (
829 1599 923 1628 quam
943 1589 977 1617 in
995 1588 1178 1617 hominibus
1192 1600 1256 1619 esse

684 1634 788 1675 solet)
811 1636 849 1663 iis
863 1633 1005 1675 sitfaw,
1024 1641 1060 1663 ut
1084 1640 1156 1663 ante
1180 1635 1254 1664 divi-

685 1681 769 1710 niens
785 1704 794 1716 ‚
831 1691 848 1710 a
875 1682 938 1710 fato
964 1679 1043 1710 data.
1059 1695 1073 1705 »ι
1101 1697 1147 1702 -
1175 1681 1252 1716 416.

683 1730 780 1757 Facto
792 1729 815 1757 F
818 1738 902 1757 rane.

731 1774 806 1809 418.
839 1775 1002 1803 fflucavere
1026 1772 1113 1801 vices
1142 1772 1249 1802 Mark-

683 1819 767 1850 land.
793 1819 832 1849 ad
851 1822 925 1850 Stat.
952 1819 1026 1849 Silv.
1046 1820 1086 1855 V,
1116 1828 1147 1855 2,
1172 1819 1246 1855 152,

682 1864 774 1906 atque
800 1866 834 1895 in
853 1876 918 1894 uno
945 1863 1099 1900 Arundel‚
1123 1864 1248 1904 legitur.

681 1929 727 1934 -—
753 1911 866 1941 Uvz'dus
892 1918 936 1940 est
954 1921 970 1940 e
993 1909 1110 1940 Medic.
1135 1910 1247 1940 Humi-

682 1958 738 1987 dus
769 1958 831 1988 3111.
850 1975 896 1980 ——-—
924 1959 1062 1993 Verum,
1096 1955 1153 1986 uhi
1183 1967 1246 1986 coe-

680 2004 746 2032 lum
783 2010 814 2033 et
848 2014 899 2033 aer
931 2009 1092 2039 mutatur,
1132 2009 1164 2032 et
1194 2013 1246 2033 aer

677 2049 828 2079 humidus
855 2049 952 2079 modo
977 2049 1146 2086 densatur,
1178 2059 1245 2079 mo-

678 2095 719 2125 do
743 2094 850 2125 rarefit
870 2102 901 2125 et
924 2102 1089 2132 tenuatur,
1122 2101 1244 2125 naturae

675 2141 787 2171 harum
815 2142 919 2171 avium
954 2142 1160 2171 mutationem
1189 2141 1244 2171 311-

673 2198 767 2228 quam
791 2188 947 2226 subeunt,
972 2195 1003 2218 et
1017 2194 1122 2218 motus
1144 2187 1244 2218 diver-

1035 2253 1102 2288 18χ
