1377 2428
542 92 663 122 LIBER
689 91 746 120 III.

54 154 130 187 Aut
150 151 342 200 inpacatos
363 163 383 186 a
399 159 505 199 tergo
525 149 699 186 horrebis
715 148 889 186 Hiberos.

56 214 164 261 Saepe
183 212 295 248 etiam
316 224 428 248 cursu
447 210 597 247 timidos
619 209 777 260 agitabis
794 221 973 259 onagros,

56 273 102 306 Et
125 271 281 308 canibus
297 272 485 321 leporem,
504 270 660 307 canibus
680 268 868 306 venabere
887 269 1025 305 damas.

1202 280 1250 306 410

55 332 163 381 Saepe
179 331 387 368 volutabris
404 331 532 381 pulsos
548 330 781 367 silvestribus
800 342 910 379 apros

56 393 213 428 Latratu
233 390 404 428 turbabis
425 403 554 440 agens,
575 390 787 439 montisque
807 402 876 438 per
892 389 985 424 altos

55 453 248 501 Ingentem
266 451 428 487 clamore
443 462 590 500 premes
611 449 659 486 ad
678 450 772 486 retia
792 461 959 485 cervum.

107 511 219 548 Disce
237 520 273 547 et
289 512 485 548 odoratam
505 510 660 547 stabulis
681 509 890 546 adcendere
911 508 1083 554 cedrum,

59 571 328 623 Galbaneoque
349 571 491 621 agitare
510 570 635 620 gravis
654 570 788 607 nidore
808 569 1019 619 chelydros.

61 698 238 727 Nemesian.
262 697 381 737 Cyneg.
410 697 472 736 159
485 706 493 734 ;
505 697 632 726 Gratius

60 743 180 784 Cyneg.
219 743 295 780 307.
324 760 370 764 —
388 743 464 778 408.
499 743 632 779 Eodem,

60 799 155 828 quem
170 799 251 829 saepe
267 789 331 827 jam
355 788 507 825 vidimus,
526 795 634 829 poeta-

60 845 132 864 rum
156 845 243 865 more
272 836 434 864 communi
446 857 454 871 ,
468 845 528 874 pro
553 845 634 875 quo—

62 891 199 921 cumque
217 881 327 922 abigeo
344 888 374 910 et
393 880 543 921 praedone
559 881 636 922 (qui

62 926 202 957 Hesiodo
227 925 424 970 ’ἡμερόκοιτος
452 924 526 969 ἀνὴρ
548 927 569 956 l.
584 927 633 969 c.)

62 973 211 1003 Hiberum
220 974 337 1014 posuit,
348 974 422 1012 quia
429 983 462 1002 ea
470 984 544 1014 gens
554 974 636 1013 rapi-

62 1020 111 1049 nis
124 1026 155 1050 et
169 1018 417 1060 praedationibus
431 1019 571 1055 infamis,
584 1020 634 1049 in-

63 1067 172 1105 primis
184 1076 257 1097 cum
270 1065 416 1095 nondum
433 1066 506 1094 satis
518 1065 634 1105 perdo-

64 1113 140 1141 mita
154 1119 248 1150 esset3
258 1112 335 1141 hinc
350 1111 525 1151 impacatos
538 1111 634 1141 Hibe-

63 1169 114 1187 ros
123 1158 257 1199 appellat
266 1159 458 1188 :Varronem
467 1157 504 1188 de
514 1159 554 1188 R.
566 1159 634 1195 RJ,

68 1205 125 1242 16,
147 1215 164 1234 2
188 1212 259 1234 ante
277 1203 387 1234 oculos
413 1204 508 1233 fuisse
534 1211 636 1244 poetae

65 1250 231 1290 probabile
240 1249 288 1280 fit.
303 1252 334 1279 A
348 1256 436 1291 tergo
446 1273 455 1285 ,
471 1251 506 1280 in
518 1251 636 1279 vicinia

64 1296 240 1326 habitantes
249 1292 279 1325 et
288 1295 480 1326 insidiantes.
489 1313 537 1319 —-
549 1296 635 1326 Indi-

60 1349 179 1385 gnatos
197 1342 314 1373 Medic.
326 1353 342 1371 a
357 1343 636 1382 m.pr.,memoriae

64 1389 355 1429 viti0.ImpIacatos
364 1388 574 1425 Ven.Ed.-—4
580 1398 634 1429 09.

65 1436 212 1477 Onagros
220 1457 228 1472 ,
242 1435 342 1465 ferum
352 1435 510 1464 asinorum
519 1445 617 1475 genus
624 1456 633 1471 ,

24 1489 30 1493 ·
63 1481 208 1522 Phrygiae
232 1488 263 1510 et
290 1481 456 1521 Lycaoniae
465 1481 478 1518 ,’
495 1480 632 1518 Arabiae,

63 1533 99 1556 ut
113 1537 200 1557 nnnc
223 1527 323 1568 Syriae
334 1549 342 1563 ,
361 1537 421 1556 nec
437 1537 504 1556 non
517 1527 636 1558 Africae

64 1583 137 1602 cum
155 1574 311 1614 assignent
325 1579 446 1602 veteres
457 1572 543 1613 (vid.
557 1575 636 1602 Var-

63 1629 100 1649 ro
114 1622 154 1650 R.
168 1621 207 1650 R.
218 1621 266 1656 II,
283 1620 315 1656 6,
329 1619 365 1655 3;
379 1619 459 1649 Plin.
473 1621 563 1657 VIII,
579 1625 633 1657 44,

63 1677 88 1697 s.
104 1665 170 1708 69)
181 1688 190 1704 ,
199 1676 293 1695 nemo
302 1667 337 1694 in
347 1665 444 1694 Italiae
451 1665 538 1695 silvis
547 1675 633 1695 com-

63 1719 228 1742 memorat.
246 1713 368 1752 Itaque,
380 1712 508 1751 poetico
531 1721 630 1748 more,

64 1768 138 1788 cum
163 1759 295 1788 omnino
321 1757 418 1786 feram
427 1779 435 1794 ,
458 1767 530 1797 quae
553 1759 636 1787 cani-

63 1804 124 1834 bus
136 1805 246 1845 agitari
262 1809 377 1845 posset,
394 1804 557 1833 nominare
568 1804 634 1833 vel-

63 1850 118 1886 let,
134 1856 255 1879 certum
267 1849 439 1889 quoddam,
453 1856 550 1889 utque
568 1859 636 1879 ora-

64 1897 109 1925 tio
127 1901 206 1925 esset
223 1895 364 1932 doctior,
392 1896 497 1924 minus
520 1901 634 1925 notum

63 1952 162 1982 genus
173 1942 300 1981 posuit3
320 1942 364 1971 sic
375 1951 471 1981 supra
489 1951 570 1977 uros,
590 1942 634 1972 sic

56 1997 168 2019 cervos
180 1986 264 2016 alibi.
284 1987 334 2017 Sic
348 1986 476 2015 cedrum
497 1988 532 2015 in
547 1986 635 2017 Italia

61 2033 237 2070 recensuit,
251 2034 322 2062 AEn.
343 2034 410 2068 XI,
429 2033 502 2070 137.
525 2033 635 2075 Agens

63 2080 102 2109 ad
127 2080 278 2109 ornatum'
301 2077 470 2116 adjecmm3
493 2078 633 2108 vocabu-

61 2127 130 2156 lum
150 2125 334 2154 venantium
356 2125 523 2164 proprium
533 2146 542 2161 ,
556 2123 632 2154 dum

65 2177 181 2212 urgent
189 2170 279 2200 feras.
294 2171 342 2199 Ita
355 2176 385 2199 et
399 2175 438 2205 41
447 2171 463 2199 3
471 2180 627 2210 premere,

61 2215 233 2258 premendo
250 2239 258 2253 ,
282 2215 426 2257 urgendo
441 2238 450 2253 ,
472 2216 629 2254 instando,

215 2280 245 2316 Ι.

1202 582 1250 610 415

687 696 724 726 ad
748 697 824 726 retia
849 706 949 737 agere.
972 697 1103 731 -413,
1124 698 1259 739 lugente

686 743 827 772 clamore
848 742 976 773 Vrastil.
991 749 1023 772 et
1043 742 1148 774 Schol.
1171 745 1262 774 Statii

687 788 788 819 Theb.
807 790 864 825 IV,
889 790 974 826 3233
992 795 1028 818 ut
1054 799 1148 829 supra
1169 800 1200 820 V.
1218 792 1259 826 43

686 834 748 865 hoc
763 835 863 872 libro,
876 841 977 864 ‘vocat
989 834 1111 876 ingemi
1122 836 1262 865 clamore

692 881 869 917 Citlzaeron;
883 888 914 911 et
934 881 1121 921 praeferebat
1138 883 1260 919 Burm.‚

689 927 744 956 sed
774 927 808 956 in
841 933 977 967 utroque
1008 927 1105 957 modo
1135 930 1262 958 ornatui

688 979 812 1003 tantum
836 974 970 1003 inseruit
986 973 1168 1014 epithet0n3
1183 985 1261 1004 neu-

689 1025 739 1049 tro
752 1020 818 1049 vim
837 1019 973 1060 aliquam
987 1030 1077 1049 suam
1091 1019 1262 1062 habet.Igi·

689 1071 742 1094 tur
748 1075 842 1105 pareo
850 1067 1028 1095 auctoritati
1035 1066 1264 1108 codicum,qui-

688 1110 749 1140 bus
759 1111 879 1142 accedit
895 1113 1019 1142 Nonius
1034 1113 1215 1143 Marcellus.

738 1163 804 1194 414
827 1168 873 1198 sq.
896 1175 942 1182 -—-
971 1159 1049 1198 439.
1078 1161 1263 1199 Sequuntur

688 1211 844 1244 praecepta
861 1204 901 1234 de
917 1204 1066 1234 cavendis
1078 1206 1184 1234 noxiis
1197 1207 1262 1235 ani-

688 1250 860 1280 mantibus.
881 1250 967 1280 'Vide
990 1250 1115 1281 Colum.
1129 1252 1210 1289 VII,
1230 1258 1261 1288 4,

690 1295 709 1325 6
719 1306 727 1333 ;
739 1296 884 1336 Geopon.
898 1297 1029 1334 XVIII,
1048 1307 1078 1327 2.
1089 1298 1174 1326 Ante
1190 1308 1263 1327 ocu-

688 1341 736 1371 los
752 1350 845 1382 poeta
867 1341 979 1372 habuit
1002 1343 1156 1373 Nicandri
1178 1343 1261 1374 The-

689 1389 765 1417 n‘ac.
790 1390 844 1425 35,
873 1389 911 1418 51
928 1406 974 1411 —-
992 1389 1045 1418 53.
1071 1390 1120 1418 De
1144 1390 1258 1426 cedro,

687 1434 769 1463 forte
796 1435 945 1475 junipero
978 1434 1142 1475 oxycedro
1158 1460 1166 1473 ,
1190 1436 1262 1465 vide

688 1480 728 1509 ad
742 1481 799 1511 Ge.
817 1482 864 1518 II,
883 1482 946 1517 443
957 1503 965 1518 ,
979 1488 1010 1510 et
1026 1483 1096 1511 AEn.
1107 1484 1187 1519 VII,
1208 1484 1259 1513 13.

689 1543 734 1549 -—
749 1527 825 1562 415.
854 1527 935 1557 Plin.
967 1529 1050 1563 XII,
1078 1529 1137 1566 25,
1164 1539 1188 1559 s,
1219 1530 1261 1558 56

689 1574 758 1601 Dat
769 1579 801 1603 et
811 1573 987 1615 galbanum
1002 1573 1015 1614 (
1025 1584 1158 1604 succum
1170 1576 1260 1604 visci-

690 1618 789 1660 dum)
817 1619 911 1658 Syria
938 1619 970 1648 in
995 1620 1106 1650 eodem
1131 1622 1261 1651 Amano

690 1671 795 1694 monte
821 1676 837 1694 e
858 1664 971 1706 jemla
994 1665 1054 1707 (de
1077 1677 1141 1707 qua
1165 1678 1195 1697 v.
1220 1668 1261 1697 ad

688 1711 755 1742 Ecl.
771 1713 802 1741 X
813 1734 822 1748 ,
839 1710 906 1752 25).
922 1711 1083 1742 Sincemm
1097 1712 1126 1742 si
1139 1720 1258 1749 uratur,

680 1755 782 1798 fitgat
796 1757 907 1787 nidore
922 1765 1089 1798 serpentes.
1104 1776 1151 1781 -—
1164 1759 1263 1789 Gravi

687 1802 848 1832 habebant
862 1804 962 1834 Servii
979 1803 1064 1834 libri.
1079 1806 1129 1834 Sic
1143 1807 1262 1845 Regius

689 1855 720 1878 et
731 1850 848 1879 Moret.
861 1860 910 1889 pr.
926 1855 958 1879 et
971 1849 1043 1880 edd.
1058 1858 1148 1888 vett„
1161 1858 1198 1880 ut
1210 1852 1262 1881 vel

688 1905 728 1925 ex
747 1896 850 1925 Pierio
867 1902 969 1935 patet3
991 1896 1077 1937 quod
1099 1896 1205 1926 firmes
1220 1908 1261 1928 ex

687 1940 865 1978 Nicandro,
880 1952 974 1981 quem
994 1942 1027 1972 h.
1043 1943 1066 1974 l.
1089 1950 1260 1983 sequutum

688 1996 752 2016 esse
766 1993 910 2017 nostrum
919 1989 1121 2019 manifestum
1131 1995 1177 2019 est
1184 2011 1193 2026 ,
1203 1991 1260 2029 qui

686 2042 718 2062 v.
738 2032 790 2069 51,
809 2029 985 2076 βαρύοὸμος
1005 2032 1055 2064 ἐπὶ
1078 2031 1172 2078 φλογὶ
1190 2046 1256 2078 μοι-

687 2077 810 2120 ρηθεῖσοι
825 2076 987 2113 Χαλὲσὶνη.
1010 2081 1070 2111 Sed
1090 2081 1206 2121 reliqui
1219 2082 1258 2111 li-

684 2123 737 2153 bri
754 2131 933 2156 constanter
942 2126 1050 2167 gravis
1064 2127 1116 2156 vel
1129 2137 1253 2168 graves,

685 2177 717 2199 et
738 2169 802 2200 hoc
822 2181 863 2200 ex
879 2173 1008 2212 propria
1027 2179 1140 2202 natura
1160 2172 1255 2212 hujus

682 2217 844 2256 serpentis.

1013 2282 1059 2318 30
