1408 2428
572 65 742 96 ECLOGA
767 66 824 94 ΙΙΙ.

103 129 219 162 Lenta
235 125 328 161 salix
344 124 419 160 feto
434 123 582 173 pecori,
598 122 692 158 mihi
707 122 807 158 solus
824 125 1015 169 Amyntas.

602 202 805 226 DAMOETAS.

102 262 218 299 Pollio
236 269 334 298 amat
349 269 534 304 nostram,
551 258 723 308 quamvis
740 266 795 294 est
810 257 968 303 rustica,
985 260 1133 294 Musam
1153 271 1160 292 :

100 322 284 367 Pierides,
299 320 455 357 vitulam
470 319 601 356 lectori
618 318 758 368 pascite
774 326 911 353 vestro.

599 398 804 422 MENALCAS.

100 452 217 489 Pollio
233 462 269 489 et
286 454 365 501 ipse
381 451 470 488 facit
485 464 583 488 nova
600 450 766 487 carmina
784 463 792 484 τ
809 447 951 498 pascite
969 455 1119 483 taurum
1132 475 1141 491 ‚

100 518 182 551 Jam
197 527 314 550 cornu
332 522 452 562 petat,
470 521 506 548 et
522 511 683 561 pedibus
701 510 766 560 qui
787 517 937 558 spargat
954 520 1119 544 arenam.

99 666 203 697 ‘tragos
229 663 354 695 quoerat
371 654 482 695 fetura
508 661 670 694 parentes.

102 703 155 732 83.
173 702 276 731 Salix.
294 701 358 730 vid.
375 701 441 730 Ecl.
459 703 490 738 Ι,
508 712 559 740 79.

147 748 199 783 84.
215 747 364 787 Quamvis
373 755 437 776 est:
448 746 544 787 vulgo
555 746 603 775 sit.
614 747 674 775 Ha-

99 794 175 823 bent
188 800 360 833 utrumque
373 795 461 823 MSS.
473 791 626 831 quamvis,
637 798 673 820 ut

98 841 138 868 sit
153 838 353 879 quantumvis
370 837 495 866 rustica.
509 855 555 859 —-
565 836 671 866 Pollio

97 887 194 926 gratia
210 883 294 924 apud
316 885 514 924 Augustum,
537 884 672 912 amicitia

97 933 143 961 M.
165 931 315 967 Antonii,
337 930 481 970 ingenio,
513 928 670 970 tragoediis

97 976 270 1016 studiisque
285 977 349 1005 suis
364 977 398 1004 in
416 976 586 1016 Virgilium
603 977 669 1004 Ho-

96 1024 274 1062 ratiumque
288 1022 480 1051 notissimus.
502 1021 541 1051 cf.
558 1023 668 1051 Horat.

97 1068 156 1099 Od.
179 1070 227 1105 ΙΙ,
256 1079 269 1098 1
282 1091 290 1105 ‚
315 1074 345 1097 et
363 1069 469 1097 Vitam
488 1068 614 1108 Virgilii
633 1067 670 1096 ad

95 1125 121 1144 a.
145 1115 220 1153 715.
238 1116 276 1145 Ei
299 1114 391 1151 alter,
408 1119 557 1153 tanquam
569 1114 670 1152 judici

95 1161 271 1190 carminum
285 1171 417 1190 suorum
432 1160 620 1201 intelligenti
640 1168 670 1191 et

93 1207 237 1253 eleganti,
254 1207 396 1243 vitulam3
415 1207 502 1243 alter,
520 1214 669 1247 tanquam

92 1261 193 1294 poetae
206 1253 318 1289 nobili,
327 1254 502 1291 juvencum
516 1253 667 1284 deceruit.

91 1301 120 1330 N
122 1310 165 1330 on
175 1300 295 1328 veroin
305 1299 456 1328 alterutro
465 1298 583 1328 horum
598 1310 665 1328 mu-

91 1355 205 1374 nerum
217 1344 444 1386 argutandum,
463 1345 518 1374 sed
534 1356 581 1374 res
596 1346 666 1374 sim-

89 1391 214 1430 pliciter
231 1391 269 1420 ad
285 1390 419 1420 amoebei
443 1391 589 1419 carminis
610 1401 665 1419 na-

91 1443 193 1466 turam
216 1436 368 1477 exigenda
390 1443 450 1473 est,
467 1446 557 1472 cum,
579 1436 666 1476 quod

90 1483 210 1522 primus
234 1483 390 1522 posuisset
404 1504 412 1518 ‚
439 1482 527 1511 alteri
555 1482 666 1522 ampli-

89 1527 250 1558 ficandum
258 1535 288 1557 et
295 1527 474 1568 augendum
485 1535 573 1558 esset.
583 1529 664 1558 Cum

88 1575 193 1615 itaque
208 1574 262 1604 ille
280 1573 420 1612 judicem
437 1575 613 1603 carminum
633 1581 665 1604 et

88 1620 220 1650 vitulam
234 1621 406 1661 posuisset,
421 1619 474 1648 hic
493 1627 617 1660 poetam
633 1628 664 1651 et

84 1667 260 1704 juvencum
289 1673 516 1696 commemorat
542 1668 662 1707 simpli-

87 1713 181 1749 citer,
199 1719 235 1742 ut
248 1713 310 1742 hoc
324 1719 354 1742 et
365 1712 478 1751 judicii
493 1720 524 1742 et
544 1714 663 1754 ingenii

86 1760 252 1798 praemium
281 1769 346 1789 esse
365 1757 498 1789 debeat.
530 1760 663 1800 Alioqui

87 1806 177 1835 Ruaei
200 1815 266 1835 non
288 1805 446 1845 inelegans
477 1806 661 1844 conjectura

86 1856 147 1886 est,
169 1852 225 1890 qui
253 1862 290 1881 eo
309 1852 422 1891 respici
445 1859 551 1891 putat,
573 1852 661 1892 quod

86 1895 186 1926 Pollio
202 1898 286 1927 circa
300 1897 381 1926 illud
397 1904 521 1937 tempus
537 1898 549 1939 (
564 1901 604 1929 U.
624 1900 659 1929 C.

88 1952 102 1978 7
113 1952 124 1970 1
134 1942 152 1971 5
160 1941 172 1982 )
182 1953 222 1972 ex
232 1943 362 1984 Illyrico
371 1966 380 1980 ,
389 1944 481 1972 victis
491 1944 658 1981 Parthinis‚

84 1987 123 2016 ad
132 1988 329 2028 triumphum
335 1988 517 2019 habendum
526 1992 659 2020 Romam

82 2033 256 2064 decesserat
271 2058 280 2072 ,
308 2045 374 2075 quo
407 2035 484 2065 adeo
517 2043 658 2075 tempore

82 2081 283 2121 triumphalia
297 2091 381 2110 sacra
397 2091 432 2110 ac
448 2082 583 2110 victimae
597 2092 658 2121 pro

81 2126 233 2156 Pollionis
247 2129 380 2157 victoria
398 2127 544 2167 parandae
557 2134 655 2158 erant.

51 2168 60 2176 “
83 2172 121 2202 cf.
137 2173 204 2203 Ecl.
220 2175 315 2210 VIII,
334 2174 364 2203 6.
382 2175 460 2204 Hor.
478 2173 538 2203 Od.
556 2175 598 2211 ΙΙ,
620 2184 654 2210 1,

732 663 744 681 1
754 654 783 690 5,
799 653 849 682 16.
860 654 957 689 Nam,
974 652 1061 692 quod
1077 653 1225 682 Burman.
1238 665 1300 682 am-

727 699 893 739 plectitur,
910 700 994 738 pasci
1015 705 1046 727 et
1062 699 1192 727 vitulam
1210 707 1239 728 et
1252 701 1302 737 ju-

727 755 865 774 vencum
888 745 1025 774 Pollioni
1053 744 1132 781 dici,
1157 752 1194 773 ut
1215 747 1303 774 istam

727 797 878 829 tanquam
892 790 1029 830 lyricus,
1046 789 1132 819 hunc
1155 797 1304 830 tanquam

725 837 851 875 epicus,
872 843 964 875 poeta
988 836 1146 873 immolet,
1162 837 1195 865 id
1210 839 1303 866 nimis

725 881 856 911 doctum
871 881 1011 921 adeoque
1026 882 1128 911 multo
1145 884 1240 923 magis
1256 894 1268 911 x
1278 885 1301 912 i-

724 929 842 957 tiosunt
871 929 905 956 in
936 928 989 957 tali
1013 929 1167 963 carmine3
1192 939 1301 968 quam—

723 984 818 1014 quam
840 975 873 1002 in
894 974 1029 1002 similem
1054 974 1184 1003 modum
1210 986 1299 1015 argu-

724 1027 808 1048 tatur
826 1019 930 1049 Schol.
955 1021 1078 1049 Horatii
1095 1020 1133 1049 ad
1154 1022 1251 1060 Epist.
1268 1023 1300 1057 Ι,

727 1067 763 1102 3,
783 1065 834 1095 36.
852 1065 949 1105 Quod
966 1076 1042 1096 vero
1064 1066 1211 1096 lectorem
1233 1078 1298 1096 car-

724 1113 847 1141 minum
864 1113 1066 1149 memoravit,
1090 1123 1203 1153 parum
1224 1115 1299 1142 scite

723 1159 847 1195 fecisse,
863 1165 894 1187 et
913 1169 1078 1198 personam
1094 1160 1128 1188 in
1152 1158 1214 1189 hoc
1229 1170 1297 1199 pas-

723 1206 799 1235 toris
821 1205 900 1234 male
918 1206 1101 1234 sustinuisse
1122 1205 1221 1235 xideri
1246 1206 1297 1235 de-

721 1251 776 1281 bet
796 1252 904 1288 Maro3
927 1253 1034 1280 Pastor
1056 1253 1139 1281 canit
1161 1253 1298 1281 carmina

721 1304 753 1327 et
767 1296 896 1326 auditur
911 1297 978 1334 ejus
993 1304 1104 1326 cantus
1119 1307 1126 1326 :
1142 1308 1209 1327 non
1221 1308 1297 1327 vero

721 1343 832 1371 scribit
852 1343 990 1370 carmina
1009 1350 1040 1371 et
1062 1343 1186 1383 legitur.
1209 1344 1297 1372 Ferri

719 1394 843 1428 poterat
856 1387 920 1417 Ecl.
938 1389 994 1423 VI,
1015 1398 1052 1416 12
1066 1389 1100 1417 in
1114 1389 1297 1428 praefatione

720 1435 818 1474 ipsius
827 1440 938 1473 poetae.
954 1433 1041 1462 Alias
1057 1436 1164 1463 Pastor
1179 1435 1213 1463 in
1229 1446 1296 1464 cor-

721 1481 781 1509 tice
797 1479 856 1520 fagi
866 1490 975 1509 versus
984 1479 1112 1517 incidit3
1130 1488 1214 1510 recte
1226 1482 1293 1511 Ecl.

721 1528 761 1563 V,
781 1536 792 1554 1
803 1527 831 1555 3.
844 1525 950 1555 Multo
964 1526 1069 1555 minus
1084 1534 1227 1556 comtum
1237 1535 1292 1565 est,

718 1571 805 1612 quod
831 1571 1007 1601 Pollionem
1035 1572 1183 1602 lectorem
1220 1573 1292 1603 Pie—

717 1618 820 1647 ridum
834 1617 922 1654 facit;
939 1619 1032 1647 etiam
1044 1619 1069 1647 si
1083 1626 1218 1649 statuere
1231 1631 1292 1649 ma-

715 1665 790 1702 lim,
811 1665 959 1694 lectorem
975 1675 1040 1694 esse
1060 1665 1092 1695 h.
1115 1666 1136 1695 l.
1154 1668 1209 1706 qui
1226 1677 1290 1695 car-

716 1713 801 1742 mina
817 1713 938 1740 recitat.

764 1758 817 1788 86.
844 1759 937 1787 lVova
961 1757 1124 1792 carmina,
1156 1757 1188 1787 h.
1210 1756 1290 1797 prze-

716 1804 813 1841 clara,
837 1803 940 1845 qualia
961 1814 1127 1843 nunquam
1144 1810 1215 1833 ante
1231 1804 1291 1833 fac-

714 1857 761 1888 ta,
793 1857 830 1879 ut
857 1852 968 1880 Horat.
998 1849 1058 1879 Od.
1087 1851 1101 1878 1
1113 1872 1120 1885 ‚
1152 1849 1211 1886 26,
1250 1862 1288 1879 10

702 1896 790 1938 fides
817 1907 915 1925 novas
942 1895 1033 1924 dixit.
1059 1895 1212 1925 Pollionis
1237 1907 1291 1926 au-

714 1949 777 1972 tem
808 1941 935 1971 laudem
957 1951 996 1970 ex
1026 1942 1150 1982 tragicis
1178 1942 1290 1972 studiis

713 1995 857 2018 tenemus
874 1998 914 2016 ex
929 1989 1039 2017 Horat.
1064 1988 1166 2017 Carm.
1184 1989 1233 2026 Π,
1256 2000 1267 2018 1
1282 2013 1288 2025 ‚

714 2045 744 2073 9.
772 2044 822 2063 10.
846 2035 943 2063 Serm.
973 2034 1005 2069 Ι,
1033 2043 1091 2070 10,
1113 2040 1154 2069 42
1181 2035 1288 2064 Pollio

712 2091 819 2121 regum
859 2081 958 2109 Facta
997 2079 1087 2108 canit
1114 2080 1200 2120 pede
1245 2090 1292 2110 ter

705 2136 872 2166 percusso,
890 2125 922 2155 h.
940 2125 1104 2167 tragoedias
1119 2127 1229 2157 scribit
1246 2139 1290 2156 se-

711 2183 831 2203 natus„
