1377 2428
528 90 648 120 LIBER
671 91 726 119 lv.

1155 91 1215 128 395

40 148 113 184 Illis
132 149 187 183 ira
205 147 357 183 modum
373 159 484 195 supra
501 155 573 191 est,
589 147 758 195 laesaeqne
774 158 958 181 venenum

38 206 230 242 Morsibus
250 205 450 254 inspirant,
471 213 507 241 et
523 206 665 254 spicula
682 218 778 241 caeca
795 205 1010 253 relinquunt

40 265 183 302 Adfixae
202 266 324 310 venis,
342 265 555 314 animasque
571 265 609 301 in
624 265 778 301 volnere
795 273 950 314 ponunt.

90 325 155 362 Sin
181 325 312 361 duram
330 333 494 362 metuens
512 324 692 370 hiemem,
712 337 916 375 parcesque
934 325 1061 360 futuro
1074 353 1082 369 ,

39 388 297 434 Contusosque
315 385 455 421 animos
474 394 509 421 et
526 398 585 422 res
602 385 828 422 miserabere
846 385 978 421 fractas
997 398 1004 419 ε
1176 396 1222 421 240

38 447 87 479 At
103 444 228 480 suffire
245 442 394 491 thymo,
415 456 592 493 cerasque
612 444 779 481 recidere
798 443 937 488 inanis,

39 600 128 627 sunt,
148 600 183 621 ut
198 603 280 632 pone
302 604 351 622 eas
372 594 490 633 positus
506 594 546 623 sit
565 594 604 623 al-

40 646 86 668 ter
99 649 138 667 ex
152 639 302 669 Piscibus.
319 640 488 668 Descendit
500 641 605 679 itaque

41 685 157 720 Pleias,
185 686 237 713 cui
261 695 276 712 a
305 691 391 725 tergo
416 686 539 714 vicinus
561 692 605 714 est

41 731 135 760 Piscis
147 752 154 765 ,
169 741 207 758 ex
221 732 325 769 positu
340 731 374 759 iu
389 731 517 770 sphaera.

89 776 164 805 236.
183 776 358 813 Conjuncta
375 776 442 806 haee
467 787 539 805 cum
555 787 605 806 su-

41 822 237 861 perioribus3
253 832 340 858 nam,
361 822 436 851 dum
464 822 525 851 mel
552 833 606 851 ex-

41 867 194 897 scinditur
210 890 218 904 ‚
246 868 306 897 iras
341 870 445 908 apium
472 869 607 898 maxime

44 915 215 954 experiare.
235 915 336 943 Varro
352 916 417 950 ΠΙ,
436 915 492 950 16,
517 925 532 952 7
558 925 608 942 ne-

43 971 103 999 que
126 959 260 1001 ignava,
291 967 324 988 ut
349 970 431 997 nort,
462 959 518 1000 qui
544 959 609 999 ejus

44 1016 119 1045 opus
127 1011 257 1034 conetur
268 1005 439 1035 disturbare
447 1029 456 1041 ,
473 1005 606 1036 resistat.

44 1053 173 1088 —237.
192 1051 320 1091 Spicula
335 1062 438 1087 πει-ιι,
454 1051 485 1081 h.
504 1051 608 1080 occul-

46 1105 92 1133 la,
112 1098 217 1126 brevia
232 1119 240 1133 ,
258 1108 328 1136 quae
348 1103 479 1137 possunt
502 1097 606 1126 latere.

44 1146 129 1173 Serv.
151 1144 269 1172 M'orsus
283 1153 342 1182 pro
363 1143 544 1172 aculeorum
563 1144 607 1171 ic-

47 1189 132 1218 libus
147 1188 209 1218 dici
220 1211 228 1225 ‚
244 1189 512 1218 obvium.—238.
530 1187 610 1229 Affi-

44 1245 97 1264 erce
110 1234 202 1263 venis
214 1235 375 1275 vulgatum
384 1234 457 1263 inde
471 1234 509 1262 ab
516 1234 608 1264 Aldd.

46 1280 168 1322 Adszxa
196 1280 227 1309 in
251 1280 345 1309 venis
367 1291 427 1310 sec.
444 1280 573 1310 Mentel.
594 1291 610 1309 a

46 1337 86 1356 iu.
103 1336 164 1355 sec.
179 1333 209 1355 et
224 1336 273 1366 pr.
288 1328 493 1356 Moret.unus
507 1327 611 1356 Arun-

45 1372 105 1402 del.
123 1379 153 1401 et
165 1372 242 1401 alter
252 1382 325 1400 cum
337 1372 402 1402 Erf.
415 1379 444 1401 et
454 1382 526 1401 cum
539 1371 609 1401 edd.

44 1418 207 1448 nonnullis
232 1417 243 1458 (
260 1420 341 1446 inter
369 1428 444 1458 quas
478 1420 610 1458 Argent.

48 1465 133 1493 1502
144 1487 152 1500 ‚
172 1470 302 1493 notante
318 1463 446 1494 Reiskio
457 1486 465 1500 ‚
481 1465 533 1492 cui
550 1464 612 1492 val-

46 1510 85 1539 de
106 1508 263 1538 arridebat
287 1519 320 1538 ea
346 1510 439 1539 lectio
450 1510 472 1550 ).
502 1509 612 1539 Videri

45 1562 148 1596 potest
166 1555 227 1584 hoc
245 1556 466 1592 Grammafiei,
484 1555 522 1585 de
546 1566 611 1584 me-

46 1609 95 1630 tro
111 1601 256 1637 solliciti,
276 1612 369 1641 opera
390 1602 612 1641 interpolatum

48 1657 111 1678 esse
124 1658 164 1677 ex
172 1647 294 1688 Adfixa
309 1647 412 1684 venis,
426 1648 492 1677 scil.
507 1649 610 1687 spicu-

47 1693 96 1730 la,
114 1700 150 1722 ut
181 1700 245 1722 erat
269 1693 303 1722 in
330 1695 424 1723 Pierii
450 1700 611 1734 pervetere

47 1739 129 1768 libro
142 1749 150 1776 ;
162 1739 291 1769 Mentel.
306 1750 353 1779 pr.
365 1742 440 1780 Reg.
452 1742 566 1770 Moret-
581 1746 611 1768 et

50 1785 125 1814 aliis.
145 1802 190 1807 —
204 1784 333 1825 Adfixae
353 1786 466 1823 venis,
491 1786 615 1825 gravius

50 1841 143 1869 quam
159 1831 224 1860 cuti
235 1852 243 1866 ‚
255 1833 391 1870 corpori.
406 1834 443 1861 In
458 1831 610 1866 vulnere,

48 1878 81 1904 in
91 1875 256 1905 inserendo
268 1877 394 1907 vulnus.
411 1879 491 1908 Nam
502 1876 616 1905 aculeis

49 1923 165 1950 amissis
180 1923 260 1951 mori
283 1923 408 1952 creditae
433 1929 516 1951 sunt.
534 1921 613 1952 Plin.

51 1969 118 2003 XI,
135 1974 210 1997 sect.
230 1978 280 2006 19.
466 1998 468 2000 ,
503 1977 506 1979 ’

34 2016 44 2024 ’
89 2023 115 2042 2
122 2014 174 2052 39.
189 2012 316 2043 Editum
331 2020 396 2042 erat
409 2021 534 2044 metues.
555 2013 616 2043 Pro

50 2059 110 2088 hoc
143 2066 283 2088 metuens
297 2081 304 2096 ,
336 2059 421 2089 Gud.
451 2070 468 2089 a
494 2069 536 2088 m.
566 2068 615 2098 pr.

49 2106 73 2134 F
76 2115 160 2134 rane.
182 2104 283 2141 TolL,
307 2115 402 2144 porro
432 2108 564 2135 Roman.
586 2111 617 2134 et

51 2150 144 2180 codd.
173 2150 292 2190 aliquot
321 2151 413 2180 Pierii
439 2157 470 2180 et
498 2150 614 2189 Regius

50 2197 178 2226 Martia.
208 2196 282 2226 edit.
317 2198 336 2226 J
340 2203 423 2233 unt.;
453 2207 510 2226 nec
547 2195 617 2234 reji-

657 594 803 623 ciendum
840 601 883 623 est
901 617 908 631 ‚
952 596 1056 634 inquit
1095 596 1202 625 Heius.
1213 618 1221 631 ‚

657 641 733 680 quin
765 641 858 669 etiam
883 641 1054 680 elegantius
1078 641 1138 670 hoc
1158 641 1223 670 dic-

658 693 725 715 tum
743 696 853 716 censeo
865 697 872 721 ;
883 688 987 725 itaque
1001 697 1087 715 nunc
1103 689 1224 726 recepi,

658 732 823 771 probatum
851 743 977 771 quoque
1006 733 1129 762 Vossio.
1143 750 1147 755 ·
1161 734 1224 761 Me-

659 777 718 806 tuis
734 788 793 807 sec.
814 779 928 807 Moret.
942 779 1051 808 —Sin
1071 779 1205 818 apiarius
1216 801 1224 814 ,

658 823 768 853 hiemis
780 824 956 853 immitioris
970 830 1071 860 metu,
1088 833 1225 864 curaque

660 879 753 908 apum
769 877 799 898 et
820 871 1017 899 miseratione
1032 892 1039 904 ‚
1068 880 1134 899 non
1158 880 1224 899 om-

660 925 714 943 nes
739 916 824 944 favos
840 915 1021 951 exscindat‚
1037 922 1067 944 et
1089 916 1224 955 aliquam

662 961 760 989 mellis
780 968 899 1001 partem
918 961 1028 1000 apibus
1046 961 1202 1001 relinquat
1219 972 1226 991 ε

661 1013 691 1035 at
705 1007 828 1044 saltem,
845 1013 974 1046 propter
998 1008 1157 1036 variorum
1179 1008 1226 1036 iu-

660 1059 816 1081 sectorum
840 1053 967 1081 insidjas
991 1052 1166 1082 suffiendas
1183 1059 1227 1081 est

661 1099 782 1134 alveus,
797 1100 903 1127 inanes
919 1098 1004 1127 cellae
1014 1093 1228 1138 exsculpenda:

661 1150 692 1173 et
704 1144 877 1173 recidendae
889 1167 897 1179 ,
915 1154 953 1173 ne
968 1143 1054 1184 quod
1070 1146 1103 1173 in
1115 1145 1152 1173 iis
1162 1146 1227 1173 ani—

661 1189 830 1218 malculum
852 1190 1013 1219 occultum
1037 1190 1138 1219 lateat.
1156 1192 1229 1219 Tref

661 1234 812 1274 pidabant
834 1235 930 1265 ethic
951 1237 1056 1275 Intpp.
1075 1236 1227 1265 Observa-

664 1287 691 1309 ta
710 1281 777 1310 haec
800 1283 903 1309 onmia
923 1282 987 1318 jam
1005 1288 1092 1310 erant
1108 1283 1228 1310 Aristo-

663 1327 737 1363 teli3
756 1337 786 1356 v.
813 1328 852 1356 H.
871 1328 980 1356 Anim.
996 1328 1061 1363 lx,
1081 1333 1122 1362 40
1134 1350 1142 1363 ‚
1159 1337 1228 1367 pag.

664 1372 729 1411 946
746 1374 785 1402 A.
798 1394 806 1409 ,
820 1371 874 1401 sed
889 1374 923 1401 in
936 1373 1050 1401 caussis
1065 1372 1232 1401 reddendis

663 1418 825 1447 laborabat
838 1419 966 1447 maximi
973 1417 1154 1458 philosophi
1161 1428 1232 1447 acu-

664 1474 746 1493 men.
761 1465 896 1493 Monent
908 1463 1014 1493 eadem
1034 1464 1209 1504 Geopom'ci
1221 1486 1230 1500 ,

664 1511 765 1539 Varro
785 1517 815 1539 et
840 1509 1013 1540 Columella
1035 1520 1108 1539 cum
1134 1510 1231 1539 Palla-

664 1554 728 1585 dio.
739 1554 1016 1596 —Parcesfitturo
1027 1579 1036 1592 ,
1055 1555 1232 1585 conditioni

664 1612 700 1630 ac
717 1602 891 1631 necessitati
907 1612 1001 1641 apum
1016 1601 1140 1632 futurae.
1152 1602 1231 1631 Pris-

665 1648 772 1677 cianus
784 1647 852 1677 haec
877 1649 943 1687 ipsa
959 1647 999 1676 ad
1017 1647 1168 1687 apodosiu
1185 1658 1232 1676 re-

664 1693 782 1722 ferebat
793 1716 800 1730 ‚
825 1700 860 1722 ut
884 1700 1003 1729 essent,
1014 1704 1114 1733 parce
1129 1700 1160 1722 et
1178 1693 1233 1721 mi-

664 1746 793 1769 serator.
814 1756 859 1762 —-—
885 1744 960 1773 240.
987 1739 1125 1778 Spoliato
1145 1739 1232 1767 alveo

668 1791 700 1813 et
717 1785 780 1814 cibi
804 1786 935 1826 penuria
946 1807 954 1821 ‚
971 1784 1097 1813 hiemali
1113 1791 1232 1823 tempo—

668 1842 712 1860 re.
730 1831 813 1860 eonf.
831 1831 954 1860 Colum.
969 1831 1016 1860 Ix
1027 1852 1036 1866 ‚
1055 1836 1093 1865 14
1105 1852 1113 1865 ‚
1136 1841 1147 1859 1
1159 1841 1232 1859 1(—

671 1882 746 1911 241.
767 1878 813 1905 Ac
827 1886 933 1905 omnes
948 1875 1012 1905 fere
1026 1875 1118 1905 codd.
1135 1877 1232 1905 Hein-

668 1923 705 1951 sii
722 1931 731 1953 2
748 1924 815 1951 Aac
828 1920 1145 1961 vulgo.AnReiskius
1162 1932 1233 1962 con-

666 1968 813 2005 jiciebat;
838 1977 879 1996 an
906 1968 977 2007 quis
1007 1966 1152 1997 dubitet?
1168 1970 1235 1996 Aut

668 2012 799 2054 sufferre
830 2012 935 2041 thumo
966 2012 977 2054 (
996 2012 1117 2042 chamos
1148 2012 1234 2052 apud

668 2059 798 2099 Foggin.
809 2056 821 2098 )
832 2057 946 2088 Medic.
957 2081 965 2096 ‚
984 2068 1043 2089 nee
1059 2068 1125 2088 non
1139 2061 1231 2089 Rom.

669 2112 699 2133 et
719 2104 766 2133 ed.
791 2106 872 2134 Ven.
897 2104 1035 2142 thymum
1057 2110 1118 2133 tres
1147 2104 1233 2143 apud

668 2151 773 2179 Burm.
798 2151 842 2180 At
870 2149 974 2191 suffire
989 2149 1071 2192 fimo
1082 2172 1090 2185 ‚
1117 2150 1234 2179 scilicet

670 2195 810 2232 bubulo,
838 2195 921 2225 cons.
946 2197 998 2226 Jo.
1025 2195 1233 2231 Schraderus,
