1408 2428
339 77 392 123 P.
420 79 711 125 VIRGILII
742 80 1045 127 MARONIS

282 216 1134 326 BUCOLICAg

102 435 1292 449 mmmmmmmmwummmmmmmmmmm

377 566 702 623 ECLOGA
741 567 1016 623 PRIMA.

524 691 774 733 TITYRUS
805 691 867 733 (ι).

640 809 781 817 --.

471 903 925 940 ARGUMENTUM.

147 1013 350 1050 Munmns,
373 1013 453 1053 agris
476 1013 540 1041 suis
563 1019 696 1048 exutus,
723 1011 799 1040 dum
822 1011 921 1050 patria
950 1012 1083 1040 extorris
1108 1011 1297 1051 capellarum

103 1074 227 1106 gregem
251 1072 321 1094 ante
345 1076 377 1094 se
401 1066 477 1105 agit,
496 1066 531 1094 in
549 1066 695 1104 Tityrum
720 1064 848 1100 incidit,
871 1074 966 1103 quem
989 1074 1062 1093 cum
1080 1065 1114 1093 iu
1136 1064 1299 1093 communi

102 1118 274 1148 calamitate
297 1129 418 1148 summa
442 1119 606 1147 securitate
626 1125 655 1146 et
674 1119 738 1147 otio
762 1118 824 1146 frui
846 1118 984 1153 fideret,
999 1110 1135 1146 'miratus
1160 1117 1299 1146 hominis

105 1179 238 1210 sortem,
257 1175 309 1202 cui
331 1180 489 1211 acceptam
513 1183 578 1201 eam
600 1172 693 1208 ferar,
718 1179 815 1211 rogat.
833 1173 944 1201 Narrat
968 1172 1117 1211 Tityrus,
1138 1170 1300 1211 quomodo

105 1230 135 1252 et
155 1234 170 1252 a
194 1235 259 1264 quo
280 1235 369 1265 agros
393 1235 466 1254 suos
482 1235 650 1266 gregesque
674 1225 774 1254 salvos
796 1226 1011 1264 recuperavit,
1029 1235 1070 1253 20
1087 1236 1166 1264 sqq.;
1183 1225 1302 1254 scilicet

105 1288 153 1315 se,
184 1279 248 1316 jam
272 1286 359 1308 aetate
384 1286 590 1318 provectum,
615 1278 767 1307 libertatis
792 1278 1021 1317 cousequendae
1050 1288 1157 1307 caussa
1182 1278 1301 1307 Urbem

106 1331 232 1369 adiisse,
251 1332 358 1372 ibique
377 1332 416 1361 ab
435 1332 502 1361 heri
515 1332 660 1361 facilitate
677 1332 738 1360 hoc
756 1331 946 1366 obtinuisse,
965 1338 1002 1359 ut
1020 1342 1125 1371 greges
1143 1341 1217 1360 suos
1233 1338 1303 1360 tuto

107 1395 142 1414 ac
164 1385 262 1415 libere
282 1397 407 1425 pascere
428 1386 546 1416 liceret.
573 1385 733 1415 Putandus
757 1391 802 1413 est
818 1384 893 1413 adeo
918 1385 1048 1423 Tityrus
1073 1395 1136 1413 esse
1159 1394 1242 1412 unus
1265 1395 1305 1413 ex

109 1439 288 1478 pastoribus
308 1440 404 1468 servis
422 1441 456 1468 in
475 1439 573 1468 fundo
597 1449 612 1467 a
633 1438 763 1467 domino
783 1437 915 1473 habitis3
932 1437 970 1467 cf.
994 1437 1032 1466 ad
1053 1449 1082 1466 v.
1108 1438 1161 1467 28.
1182 1439 1304 1467 Interea

107 1492 184 1520 alter
201 1491 239 1521 de
255 1492 343 1521 malis
359 1502 392 1520 ac
411 1493 559 1521 molestiis
575 1492 768 1532 migrationis
791 1501 854 1519 suae
870 1492 1078 1530 conqueritur
1089 1514 1097 1527 ‚
1118 1490 1307 1531 tandemque

107 1553 212 1585 aperte
228 1546 266 1575 de
286 1553 505 1576 veteranorum
524 1547 715 1575 immissione
730 1546 765 1574 in
782 1556 870 1586 agros
884 1545 1027 1584 loquitur
1041 1556 1070 1574 v.
1092 1555 1143 1582 70.
1163 1545 1310 1575 Subsistit

106 1598 249 1640 dialogus
264 1600 299 1628 in
314 1611 368 1637 eo,
385 1607 421 1629 ut
435 1601 565 1640 Tityrus
585 1600 734 1628 miserum
754 1599 879 1628 exulem
898 1600 931 1627 in
951 1609 1009 1627 suo
1029 1598 1157 1638 tugurio
1174 1608 1309 1638 pernoc-

107 1659 174 1685 tare
187 1653 305 1690 jubeat.

154 1707 340 1737 Communis
356 1709 500 1737 omnium
519 1714 698 1747 temporum
716 1707 844 1747 opinio,
864 1713 1008 1735 veterum
1025 1706 1312 1735 Grammaticorum

108 1759 171 1790 fide
182 1759 323 1801 firmata,
340 1761 496 1797 obtinuit,
511 1761 626 1801 eclogae
640 1761 736 1799 hujus
753 1761 906 1790 rationem
924 1759 961 1788 ad
978 1759 1029 1788 illa
1044 1766 1186 1798 tempora
1201 1765 1231 1787 et
1241 1760 1314 1787 Vir-

108 1815 174 1856 gilii
191 1816 350 1845 fortunam
371 1815 636 1845 accommodatam
660 1826 740 1851 esse,
770 1825 870 1854 eoque
896 1824 978 1842 anno
1002 1825 1068 1842 eam
1087 1814 1149 1854 (L‘.
1173 1814 1207 1842 C.
1228 1814 1290 1850 713
1304 1812 1313 1851 J

108 1869 256 1908 scriptam
270 1879 350 1906 esse,
365 1879 429 1909 quo
442 1870 698 1899 Triumvirorum
716 1870 861 1909 pactione
875 1867 999 1897 decreta
1014 1867 1146 1896 nefanda
1160 1867 1212 1897 illa
1230 1878 1317 1907 agro-

110 1931 181 1949 rum
195 1922 277 1951 inter
292 1930 455 1952 veteranos
479 1922 591 1951 divisio
617 1922 654 1951 ab
679 1924 853 1953 Octaviano
871 1921 950 1950 facta
972 1927 1032 1956 est;
1055 1920 1092 1948 de
1116 1930 1178 1959 qua
1193 1931 1224 1949 v.
1247 1921 1314 1959 Ap-

107 1974 192 2013 pian.
211 1975 302 2005 Civil.
318 1975 374 2006 lib.
395 1978 458 2014 IV,
478 1978 494 2006 3
515 1975 586 2017 (ed.
603 1978 704 2007 Amst.
726 1976 811 2012 1670
823 1998 831 2012 ,
847 1985 878 2014 p-
895 1975 959 2014 954
972 1973 1000 2013 );
1015 1974 1078 2003 Dio
1093 1974 1230 2010 XLVII,
1253 1978 1302 2007 14-

158 2081 206 2123 (1)
234 2084 262 2112 T
261 2083 365 2121 itsffls-
384 2085 532 2124 Inscripti
547 2084 582 2114 hi
600 2086 684 2116 tituli
736 2092 860 2125 poetae:
882 2084 1011 2114 retineri
1034 2090 1138 2112 tamen
1162 2088 1309 2122 possunt,

108 2138 183 2157 cum
196 2129 264 2168 ipso
284 2129 470 2171 Eclogarum
488 2132 615 2160 nomine
629 2130 681 2161 de-
736 2138 864 2172 propter
889 2131 1106 2160 auctoritatem
1131 2129 1203 2157 satis
1231 2128 1309 2156 anti-

53 2200 61 2210 ,
108 2174 225 2203 bentur
258 2176 490 2213 Grammaticis,
525 2188 590 2207 non
622 2179 682 2218 ipsi
735 2187 840 2217 quam.
