1377 2428
575 83 697 114 LIBER
721 85 779 114 III.

82 145 191 179 More
209 151 378 192 patrum,
396 142 506 178 nivea
525 141 725 192 inplebant
740 142 951 180 mulctralia
972 158 1112 192 vaccae,

81 204 156 240 Sed
173 212 252 241 tota
272 204 310 240 in
330 203 449 240 dulcis
466 212 686 240 consument
704 202 824 240 ubera
840 212 959 242 natos.

132 264 200 302 Sin
218 265 265 301 ad
283 264 383 301 bella
401 263 520 314 magis
536 264 702 300 studium
715 292 725 310 ,
747 273 965 315 turmasque
981 267 1146 315 feroces,

79 329 155 362 Aut
176 325 323 375 Alphea
338 325 431 362 rotis
447 324 604 375 praelabi
619 325 775 362 flumina
794 326 886 363 Pisae
898 355 908 373 ‚

1228 343 1273 365 180

81 388 125 422 Et
145 390 163 422 J
169 387 249 422 ovis
266 386 304 422 in
319 386 405 422 luco
423 398 557 421 currus
577 385 719 434 agitare
738 385 898 427 volantis
915 400 923 421 :

79 446 225 482 Primus
244 445 331 495 equi
346 444 456 482 labor
471 454 545 491 est,
563 445 706 485 animos
723 454 836 494 atque
856 460 960 483 arma
980 449 1110 486 videre

77 506 305 553 Bellantum‚
321 506 511 555 lituosque
531 505 630 555 pati,
647 515 846 555 tractuque
866 519 1076 557 gementem

76 569 191 602 Ferre
208 575 350 611 rotam,
366 574 403 602 et
418 564 567 603 stabulo
583 564 708 602 frenos
726 566 858 603 audire
877 570 1062 616 sonantis;

76 628 173 661 Tum
189 626 306 676 magis
323 634 436 674 atque
451 625 569 675 magis
589 625 736 663 blandis
753 626 917 676 gaudere
932 630 1100 680 magistri
1226 645 1270 667 185

76 684 290 731 Laudibus,
311 694 347 722 et
363 685 503 735 plausae
521 685 685 723 sonitum
703 686 860 724 cervicis
881 700 1017 726 amare.

74 748 198 794 Atque
214 747 295 782 haec
306 747 384 796 jam
400 747 523 796 primo
539 747 717 797 depulsus
738 747 785 784 ab
802 748 920 786 ubere
938 752 1067 789 matris

72 865 169 902 prisci
196 864 432 904 patresfamilias
447 872 478 894 et
490 865 645 906 agricolae.

74 910 272 952 Ambiguum
282 910 411 951 quidem
418 922 476 951 per
483 911 578 941 verba
589 919 644 949 est,

73 963 181 986 utrum
196 957 344 994 fecerint3
376 968 415 987 ex
439 959 582 987 Varrone
599 965 644 988 ta-

72 1013 145 1032 men
159 1011 288 1044 apparet
310 1003 508 1044 probabilius
521 1015 586 1034 esse
601 1005 643 1035 al-

72 1056 176 1079 terum
186 1072 194 1086 ‚
211 1049 365 1079 matribus
378 1050 455 1080 olim
471 1050 643 1091 mulgendo

72 1095 166 1125 fuisse
192 1096 240 1125 lac
268 1095 475 1126 subductum.
497 1114 544 1119 —-
567 1099 640 1135 178.

69 1142 113 1170 Ec
127 1141 236 1183 fragm.
247 1143 350 1172 Vafic.
365 1143 564 1173 consumant
575 1145 643 1175 Me-

69 1187 131 1217 dic.
148 1197 339 1218 consumunt
353 1188 504 1220 Rottend.
520 1196 591 1221 tert.

119 1244 182 1274 179
196 1252 244 1258 --
262 1235 338 1265 208.
354 1236 480 1265 Transit
497 1247 584 1266 nunc
599 1238 638 1268 ad

67 1289 176 1310 curam
197 1281 362 1320 pullorum
380 1290 388 1311 :
404 1284 507 1312 Varro
525 1283 575 1320 11,
595 1295 610 1321 7
627 1308 636 1322 ,

65 1326 86 1354 6
99 1347 107 1362 ‚
126 1326 176 1363 153
187 1327 312 1358 Colum.
326 1329 393 1363 VI,
416 1338 475 1368 29,
491 1339 518 1358 1.
536 1330 637 1360 Etiam

64 1372 181 1402 horum
205 1373 358 1403 dilectum
374 1381 495 1404 mature
510 1384 575 1405 esse
589 1376 635 1406 fa-

66 1418 215 1449 ciendum
243 1421 347 1460 primo
373 1420 447 1450 loco
478 1422 632 1462 praeeipit.

64 1464 121 1494 Sin
138 1465 242 1507 magis
257 1474 305 1496 esc
316 1466 452 1497 studium
462 1490 471 1503 ,
481 1467 633 1509 formare

63 1511 147 1551 (hoc
171 1523 212 1542 ex
243 1523 288 1542 vs.
328 1512 389 1542 163
423 1514 630 1554 repetendum

61 1556 126 1599 est)
142 1558 248 1598 pullos
269 1558 317 1587 ad
327 1558 413 1588 bella
427 1567 625 1601 turmasque,

59 1602 92 1633 h.
108 1614 203 1633 usum
220 1603 388 1642 bellicum,
406 1614 464 1636 aut
472 1607 626 1646 praelabi,

58 1660 82 1679 ε.
106 1650 286 1690 praeterlabi
301 1673 309 1688 ‚
327 1662 406 1691 pro,
437 1659 493 1683 aut
521 1660 558 1683 ut
579 1654 628 1684 illi

57 1695 272 1735 praeliabantur
287 1719 296 1734 ‚
338 1705 469 1729 currant
481 1721 490 1737 ‚
530 1710 626 1730 cursu

58 1747 179 1771 certent
204 1742 244 1772 ad
273 1743 358 1784 ripas
389 1744 507 1785 Alphei
533 1746 623 1785 rotis,

57 1787 279 1829 quadrigarum
300 1791 486 1830 certamine3
503 1799 535 1822 et
554 1792 624 1834 agi-

56 1840 142 1869 tare,
160 1841 199 1864 ut
215 1836 350 1876 agitent,
367 1848 483 1870 currus.
494 1840 542 1869 De
555 1849 622 1869 cer-

56 1880 171 1909 tamine
182 1880 354 1922 Olympico
367 1894 441 1914 eum
456 1884 546 1925 loqui
555 1907 564 1923 ‚
578 1895 622 1915 sa-

54 1925 94 1954 n‘s
107 1932 214 1965 patet,
229 1927 318 1967 quod
337 1928 514 1960 habebatur
528 1932 622 1970 juxta

53 1970 226 2011 Alpheu'm.
250 1972 316 2004 vid.
340 1985 373 2006 v.
402 1986 454 2016 19.
477 1977 517 2006 In
543 1977 619 2008 luco

53 2018 144 2047 Jovis
158 2024 225 2048 erat
242 2019 380 2050 stadium
392 2044 401 2058 ‚
418 2029 455 2051 ut
476 2032 517 2052 ex
534 2024 618 2053 Stra-

47 2058 139 2094 ‘bone
148 2071 180 2094 et
188 2066 339 2096 Pausania
351 2075 491 2108 apparet.

104 2110 167 2140 180
190 2127 237 2134 —
276 2112 350 2149 184.
390 2115 475 2145 Ante
513 2116 618 2145 omnia

53 2166 153 2195 equus
178 2156 435 2190 adsuefaciendus
465 2167 512 2192 est
534 2160 617 2203 (hoc

53 2208 101 2232 est
115 2201 255 2242 :primus
275 2205 351 2246 equi
369 2206 463 2237 labor
481 2205 547 2248 est)
563 2207 614 2238 vi-

171 2270 202 2305 Ι.

701 865 790 903 dere,
811 874 847 896 ut
876 869 999 907 videat,
1023 871 1130 903 videre
1155 875 1269 906 toleret

700 911 871 952 bellantes,
895 926 950 945 seu
966 928 1102 958 pugnas,
1122 926 1153 949 et
1174 921 1270 952 lituos

700 958 856 999 tubasque
880 962 1008 1002 audire,
1029 973 1083 995 aut
1103 968 1269 1008 strepitum

698 1015 852 1035 curruum
902 1008 1129 1052 frenorumque
1158 1013 1267 1054 ferre,

696 1051 835 1090 perferre
863 1056 993 1086 auribus
1020 1067 1028 1087 τ
1052 1066 1171 1097 rotam,
1200 1072 1269 1091 cur-

697 1107 785 1136 rum,
802 1109 983 1139 gementem
1003 1111 1119 1143 tractu,
1135 1107 1267 1137 striden-

696 1152 758 1174 tem
770 1166 778 1174 .
798 1145 875 1177 dum
892 1149 1047 1188 trahitur3
1068 1159 1099 1181 et
1114 1153 1149 1182 in
1163 1154 1265 1183 stabu-

695 1192 727 1221 lo
745 1190 862 1231 frenos
889 1196 1000 1226 audire
1028 1206 1204 1229 sonantes:
1223 1201 1262 1230 de

691 1238 754 1268 hoc
779 1248 809 1268 v,
824 1242 926 1271 Varro
952 1245 990 1273 R.
1018 1246 1055 1274 R.
1077 1246 1127 1283 ΙΙ,
1147 1256 1163 1284 7
1177 1267 1185 1282 ,
1210 1258 1261 1283 12;

693 1285 838 1323 Geopon.
854 1289 950 1326 XVI,
980 1299 993 1318 1
1008 1300 1016 1327 3
1038 1301 1086 1321 res
1113 1298 1198 1323 nota.
1214 1311 1260 1316 -

696 1333 770 1361 182.
796 1333 897 1373 Equis
923 1335 1041 1367 Medic.
1070 1337 1259 1380 animosque

690 1379 736 1408 ad
743 1375 827 1408 bella
838 1380 915 1410 alter
922 1383 1074 1414 Rottend.
1085 1386 1106 1415 J
1108 1395 1138 1414 o.
1149 1385 1258 1416 Schra—

687 1425 752 1457 der.
784 1434 857 1466 post
886 1427 944 1457 alia
971 1435 1089 1460 tentata
1112 1432 1254 1472 legebat:

685 1472 809 1503 Primus
826 1473 915 1513 equis
924 1474 1015 1504 labor
1027 1484 1074 1506 est
1086 1478 1250 1514 animosis,

683 1528 776 1550 arma
799 1519 922 1551 videre.
939 1522 1066 1553 Scilicet
1084 1524 1190 1554 animi
1203 1525 1253 1555 60-

682 1563 737 1607 μὸς
748 1589 758 1604 ,
773 1568 845 1604 irae3
862 1577 922 1607 pro
939 1578 1061 1609 pugna,
1084 1581 1157 1611 quae
1183 1573 1253 1601 ani-

681 1623 766 1642 mose
788 1612 836 1644 fit.
855 1630 903 1637 ·—
933 1614 1007 1646 186.
1027 1616 1197 1647 Plausibus
1221 1628 1253 1648 et

673 1658 802 1698 plausoe
823 1659 946 1691 Zulich.
974 1665 1250 1705 pr.-—Expressit

679 1705 776 1735 verba
790 1707 913 1737 Nemes,
932 1707 1052 1749 Cyneg.
1067 1710 1132 1750 295
1142 1733 1151 1748 ,
1169 1712 1245 1750 296.

682 1750 766 1781 Cura
792 1752 850 1788 sic,
878 1760 974 1793 atque
989 1761 1072 1784 toros
1099 1756 1245 1787 manibus

672 1807 855 1837 percurrere
865 1809 1026 1839 equorum,
1043 1802 1196 1834 Gaudeat
1209 1812 1244 1834 ut

668 1843 788 1882 plausu
816 1844 959 1885 sonipes,
994 1846 1164 1889 loeeumque
1192 1860 1241 1879 re—

673 1889 767 1920 laxet
790 1891 918 1932 Corpus,
932 1893 988 1931 Est
1002 1892 1065 1923 hoc
1082 1895 1238 1935 palpare,

670 1935 855 1973 ποππὺζειν.

722 1983 797 2021 187.
817 1985 892 2014 Jam
909 1984 1017 2024 primo
1031 1985 1179 2027 depulsus
1197 1989 1238 2018 ab

671 2027 780 2068 ubere,
795 2040 874 2070 pro,
892 2040 985 2071 quam
1004 2032 1160 2072 primum,
1179 2040 1236 2064 sta-

671 2075 730 2104 tim
744 2084 792 2106 ac.
805 2076 954 2115 Audeat,
964 2088 1024 2118 pro
1033 2077 1142 2118 faciat,
1158 2090 1237 2121 prae·

671 2119 769 2158 clare3
784 2128 939 2162 quatenus
948 2134 994 2162 ea,
1004 2134 1076 2164 quae
1084 2128 1234 2165 narravit,

669 2166 803 2198 animosi
832 2169 907 2210 equi
928 2177 1019 2207 sunt,
1041 2171 1140 2212 inque
1166 2172 1233 2211 his,

667 2212 756 2253 quod
775 2214 881 2255 pullus
901 2226 969 2248 non
993 2219 1173 2259 expavescit
1195 2220 1235 2250 ad

1052 2283 1100 2320 28
