1408 2428
591 90 709 119 LIBER
735 91 758 118 Ι.
1221 93 1278 120 153]

96 150 180 186 Urit
200 149 298 184 enim
317 149 383 184 lini
399 158 573 196 campum
589 159 691 195 seges
702 174 712 191 ,
729 148 804 183 urit
822 160 966 193 avenae3

94 212 217 245 Urunt
238 208 390 245 Lethaeo
406 205 557 256 perfusa
573 218 763 255 papavera
782 219 924 244 somno.

94 268 169 305 Sed
189 278 312 305 tamen
333 267 483 304 alternis
501 266 617 302 facilis
634 266 742 303 labor
758 281 765 301 ι
786 268 890 305 arida
908 278 1053 305 tantum

93 329 149 363 Ne
169 337 336 364 saturare
355 326 442 362 fimo
458 325 589 375 pingui
611 326 750 374 pudeat
769 328 864 374 sola3
884 340 978 364 neve
1249 340 1279 362 80

94 387 234 424 Effetos
249 386 412 423 cinerem
426 385 649 422 inmundum
661 386 804 435 jactare
820 400 888 436 per
905 399 1025 436 agros.

94 446 156 482 Sic
175 458 326 495 quoque
346 445 496 482 mutatis
513 445 754 493 requiescunt
770 446 906 484 fetibus
924 458 1031 491 arva;

92 507 171 542 Nec
189 505 290 541 nulla
304 505 446 542 interea
465 512 522 540 est
540 504 694 541 inaratae
710 506 830 554 gratia
849 515 972 542 terrae.

91 636 654 675 simoventu1·,sonautes,Lucret.vt‚

98 691 109 709 1
121 691 132 709 1
144 691 155 709 1
174 680 396 721 hincfragiles
409 681 528 710 sonitus
536 683 653 720 junxit.

94 726 210 755 Silvam
219 727 343 766 poetica
353 728 484 763 ratione,
491 738 552 766 qua
562 730 655 758 etiam

93 771 207 801 florum
218 794 226 808 ‚
250 772 437 807 herbarum,
462 773 541 802 silva
568 783 654 813 grata

93 817 299 847 similitudine
320 817 444 847 dicitur.
466 819 516 847 Sic
537 818 652 849 herba-

95 874 163 892 rum
180 863 330 893 malarum
345 864 422 892 silva
437 863 494 892 inf.
512 873 555 893 VS.
577 865 617 894 15
622 876 652 901 2,

93 916 123 938 et
141 911 196 946 IV,
212 912 276 947 273
293 909 333 938 de
343 910 524 938 centaurio:
538 921 600 939 uno
614 911 653 940 de

92 955 206 994 cespite
225 954 303 985 silva
322 955 510 985 culmorum.
532 957 654 985 Sonan-

94 1009 173 1036 oem,
197 1003 270 1041 quia
289 1001 399 1030 calami
416 1001 495 1029 aridi
511 1009 601 1038 sunt,
618 1010 655 1031 ut

93 1047 241 1077 diximus.
259 1047 359 1076 Silvas
378 1047 555 1076 eannabias
572 1049 656 1077 dixit

94 1093 220 1122 Gratius
235 1093 354 1133 Cyneg.
371 1099 409 1130 47
423 1103 481 1133 pro
495 1101 655 1133 segete.—

95 1149 147 1175 77.
173 1140 298 1168 Poetica
324 1140 477 1168 suavitate
497 1150 555 1179 pro
570 1141 654 1171 :lino

91 1185 177 1213 enim
191 1185 241 1214 vel
255 1195 351 1214 avena
366 1185 416 1214 vel
430 1195 582 1224 papavere
594 1188 655 1216 scri

92 1230 191 1259 nolim
206 1240 315 1270 agrum
338 1231 652 1270 interquiescentein3

92 1285 164 1304 nam
170 1286 203 1305 ea
214 1284 311 1306 urunt
319 1275 351 1306 h.
362 1278 523 1306 exsiccant
532 1288 652 1317 agrum.

92 1323 217 1361 Repetit
228 1332 268 1351 ex
281 1328 389 1352 nostro
408 1322 488 1352 Plin.
503 1325 609 1359 XVII,
622 1335 652 1363 9,

90 1377 115 1395 s.
139 1378 167 1404 7.
185 1368 308 1397 Colum.
326 1370 368 1403 ΙΙ,
391 1373 441 1403 14,
458 1368 538 1397 3.cf.
553 1370 653 1406 11‚10‚

98 1423 146 1450 ¹7-
170 1413 286 1443 Paflad.
304 1413 436 1444 Octobr.
462 1423 492 1442 2.
508 1414 591 1442 Hinc
614 1414 653 1443 li-

93 1469 168 1487 num
186 1459 221 1487 in
240 1468 314 1498 agro
329 1458 463 1488 humido
479 1460 539 1487 seri
558 1460 652 1497 solet3

92 1511 122 1534 et
146 1504 275 1534 Gratius
299 1505 418 1545 Cyneg.
442 1505 507 1539 334
526 1505 654 1544 Optima

94 1549 260 1590 Cinjphiae
272 1551 411 1590 paludes
432 1549 502 1579 lina
523 1550 654 1581 dabant.

93 1596 133 1625 cf.
160 1607 227 1635 sqq.
250 1613 296 1618 —
311 1597 364 1634 78.
388 1595 523 1636 Petfitsa
544 1607 655 1626 somno

86 1652 261 1681 papavera,
271 1652 341 1682 quae
353 1642 472 1671 habent
487 1643 551 1670 viui
565 1653 657 1682 sopo-

92 1686 231 1725 rificam3
247 1698 318 1728 quae
343 1695 455 1717 natura
474 1689 558 1727 nigri
576 1699 655 1728 prae-

93 1734 183 1773 cipue
198 1735 361 1774 papaveris
370 1740 425 1764 est.
436 1733 476 1762 cf.
492 1732 524 1763 h.
540 1734 561 1764 l.
573 1735 656 1764 Mar-

94 1786 150 1809 ῙΊΠ.

141 1835 183 1864 79
197 1843 244 1848 —
264 1826 317 1855 83.
334 1828 495 1866 Quaeritur
515 1826 553 1855 de
566 1827 655 1864 junc-

93 1878 163 1899 tura
178 1872 422 1902 sententiarum:
434 1874 537 1902 sintne
553 1872 593 1901 ad
606 1883 657 1902 su-

93 1917 217 1956 periora
231 1917 316 1946 unde
331 1928 348 1946 a
364 1928 410 1947 vs.
427 1919 468 1955 73
480 1919 654 1955 referenda,

94 1972 134 1991 an
149 1963 292 2001 proxime
306 1963 347 1991 ad
365 1963 448 1992 solos
465 1975 511 1994 vs.
528 1975 581 2001 77,
601 1965 654 2001 78.

94 2008 125 2039 Si
142 2007 181 2037 ad
194 2009 339 2048 proxima
351 2008 456 2045 refers,
466 2020 573 2038 sensus
591 2016 655 2039 est:

94 2061 227 2094 possunt
249 2061 368 2090 tamen,
392 2055 453 2091 ait,
475 2056 569 2084 etiam
592 2055 656 2092 issa,

94 2101 243 2130 nimirum
256 2100 331 2137 lina,
351 2107 380 2129 et
396 2111 501 2130 avenae
519 2108 550 2130 et
567 2111 659 2141 papa-

95 2156 182 2182 vera,
209 2146 336 2176 alternis
363 2148 451 2176 annis
479 2154 564 2177 recte
587 2148 657 2183 seri,

96 2192 190 2223 modo
205 2194 278 2223 satis
291 2193 514 2224 stercoratione
531 2203 602 2234 ager
611 2204 658 2223 re-

709 634 844 665 ficiatur.
862 638 901 666 Et
916 635 968 665 hic
985 642 1032 665 est
1047 646 1171 673 sensus,
1186 649 1279 678 quem

709 682 859 711 naturalis
868 682 1039 712 verborum
1050 683 1200 721 junctura
1210 695 1281 723 sup-

708 726 842 766 peditat,
868 734 898 757 et
923 728 1105 757 Columellae
1126 729 1215 758 locus
1232 731 1278 762 ΙΙ,

714 778 769 808 14,
784 772 856 812 (13)
874 775 890 802 3
909 773 1024 802 firmat.
1042 774 1096 803 Sin
1110 776 1199 812 prius
1214 784 1220 804 ε
1236 775 1280 804 di—

709 817 861 852 cendum,
886 828 1012 846 sensum
1035 829 1100 847 esse
1117 827 1124 847 :
1144 826 1279 850 attamen

707 863 779 891 satis
794 870 856 899 est,
881 870 992 893 terram
1014 864 1140 893 alternis
1155 866 1279 895 vicibus

708 919 842 945 cessare,
879 909 1053 940 dummodo
1089 920 1161 951 ager
1199 911 1279 941 bene

707 961 918 992 stercoretur3
950 957 1069 985 etiamsi
1097 957 1182 985 enim
1208 968 1279 998 ager

708 1001 800 1040 plane
816 1012 882 1030 non
898 1009 1005 1038 cesset,
1017 1003 1082 1031 aliis
1100 1009 1205 1032 autem
1229 1004 1278 1034 in-

710 1053 792 1076 terea
815 1047 957 1087 frugibus
979 1048 1114 1077 ferendis
1135 1059 1278 1078 exercea-

710 1099 778 1129 tur,
803 1100 838 1122 ut
853 1093 1064 1134 leguminibus
1081 1106 1112 1124 v.
1138 1101 1178 1132 74
1199 1106 1277 1135 sqq.,

709 1138 804 1169 modo
832 1146 936 1169 tamen
954 1141 1172 1170 stercorationi
1189 1141 1280 1182 largi-

709 1191 756 1213 ter
777 1185 955 1226 indulgeas,
986 1197 1057 1228 ager
1082 1186 1134 1215 vel
1157 1187 1201 1215 sic
1231 1198 1279 1216 re-

708 1232 868 1270 quiescere
884 1232 992 1271 aliquo
1005 1231 1100 1262 modo
1111 1231 1211 1272 wideri
1220 1244 1277 1272 po-

707 1282 781 1313 test3
799 1276 875 1306 fimo
890 1279 975 1307 enim
994 1288 1091 1307 novas
1106 1279 1205 1313 vires,
1221 1289 1278 1307 no-

707 1331 764 1350 vos
785 1323 877 1358 sales,
899 1324 1028 1362 recipit,
1047 1330 1140 1362 atque
1160 1324 1279 1353 interea

707 1368 800 1396 etiam
810 1368 978 1397 utilitatem
988 1369 1124 1408 aliquam
1132 1390 1140 1401 ,
1151 1378 1186 1397 ea
1195 1371 1278 1399 enim

707 1419 754 1441 est
775 1413 901 1453 gratia,
928 1423 968 1442 ex
996 1424 1071 1454 agro
1099 1416 1277 1453 percepisti.

708 1459 844 1488 Inseruit
856 1469 964 1488 versus
976 1470 990 1497 7
999 1470 1014 1496 7
1026 1481 1034 1495 ‚
1049 1470 1064 1496 7
1072 1459 1089 1487 8
1100 1460 1165 1488 suis
1175 1461 1279 1490 verbis

709 1504 880 1534 Columella
899 1506 947 1541 II,
974 1511 1032 1541 14,
1055 1505 1084 1534 3.
1101 1506 1184 1534 Tum
1208 1517 1277 1546 per-

707 1551 773 1590 git:
796 1549 862 1578 Sed
879 1550 970 1579 omni
986 1550 1071 1585 solo,
1099 1552 1278 1591 quodprae-

708 1595 861 1624 diccormn
902 1596 1099 1636 leguminum
1135 1596 1147 1637 (
1162 1598 1196 1626 in
1230 1597 1279 1627 his

709 1643 801 1670 eriam
814 1641 917 1671 linum
932 1643 1176 1683 memoraverat)
1191 1653 1279 1684 sege-

710 1686 931 1728 tibnsfilciscit‚
949 1699 1014 1717 una
1021 1699 1165 1728 praesens
1179 1690 1278 1718 medi-

710 1732 785 1762 cina
799 1741 860 1770 esc,
883 1741 917 1762 uc
933 1742 1066 1764 stercore
1086 1734 1230 1775 adjuves,
1249 1743 1280 1763 et

711 1779 871 1808 absumens
884 1779 972 1809 vires
985 1780 1044 1810 lzoc
1058 1781 1151 1809 velut
1156 1781 1277 1820 pabulo

708 1825 859 1866 refovens.
870 1844 916 1848 —-
932 1838 984 1866 79.
999 1825 1117 1856 Facilis
1129 1827 1235 1862 labor,
1250 1837 1274 1857 s.

708 1872 806 1912 ipsius
822 1873 902 1911 agri,
914 1879 950 1901 ut
959 1874 988 1902 ei
1004 1872 1162 1901 tribuatur
1170 1872 1260 1902 labor
1269 1896 1276 1909 ‚

709 1917 975 1957 quemadmodum
992 1918 1128 1958 fatigari,
1153 1918 1278 1948 defetis-

709 1973 778 1992 cere
786 1985 794 1999 ‚
811 1965 944 1993 recreari
956 1964 1009 1993 ille
1018 1963 1151 2000 dieitur,
1165 1975 1189 1995 s.
1200 1966 1278 2005 agri-

710 2009 786 2038 colae
804 2010 837 2038 in
853 2020 926 2050 agro
942 2010 1075 2039 colendo
1085 2032 1093 2045 ,
1111 2011 1138 2039 si
1152 2011 1278 2041 alternis

710 2054 762 2083 ille
797 2063 911 2093 cessat;
942 2056 1003 2086 hoc
1031 2056 1168 2093 facilius,
1199 2057 1278 2086 illud

711 2099 835 2130 doctius
846 2125 854 2139 ‚
871 2109 905 2131 ut
919 2102 976 2133 inf.
995 2103 1056 2132 150
1073 2104 1153 2133 Mox
1169 2103 1277 2144 ecfiu-

713 2147 826 2176 mentis
840 2148 932 2178 labor
941 2148 1077 2178 additus.
1093 2166 1139 2172 ·—-
1157 2149 1174 2178 8
1183 2159 1210 2179 1.
1221 2149 1278 2190 Ef-

706 2193 810 2234 fossos
833 2195 954 2226 anich.
980 2194 1123 2236 Effectus
1150 2196 1275 2226 Vratisl.
