1408 2428
593 71 715 102 LIBER
739 73 763 101 I.

1215 75 1276 114 169

142 129 424 179 Contemplator
439 129 528 165 item
539 156 548 173 ‚
565 141 682 178 quum
705 142 743 165 se
763 142 841 165 nux
855 129 1018 178 plurima
1033 130 1134 168 silvis

90 189 225 226 Induet
242 190 280 226 in
301 190 452 236 florem,
469 197 506 226 et
521 202 645 226 ramos
662 189 836 226 curvabit
851 190 996 227 olentis.

91 249 132 286 Si
147 260 328 300 superant
343 252 437 288 fetus
447 279 456 297 ,
474 251 616 300 pariter
631 251 819 288 frumenta
832 259 1054 301 sequentur,

89 313 303 360 Magnaque
319 324 404 348 eum
420 323 556 361 niagno
575 311 702 347 veniet
722 312 858 348 tritura
877 311 1018 356 calore3

1233 329 1282 353 1⁹0

90 371 140 405 At
159 370 190 406 si
205 370 354 407 luxuria
371 370 548 406 foliorum
564 369 748 406 exuberat
764 369 912 416 umbra,

90 431 355 479 Nequidquam
373 430 522 480 pinguis
539 431 647 480 palea
664 439 759 467 teret
775 443 861 467 area
876 430 1030 467 culmos.

144 490 294 526 Semina
308 489 387 525 vidi
404 489 580 538 equidem
596 489 732 526 multos
749 489 936 526 medicare
952 498 1136 534 serentes,

147 617 221 654 187.
250 615 488 655 Contetnpletur
512 616 664 646 Rottend.

92 673 109 691 a
138 673 222 692 man.
246 673 295 702 pr.
319 678 365 683 -—
394 661 467 691 188.
498 661 609 691 Induit
635 670 666 691 et

92 708 229 738 curvavit
256 706 419 737 Rufinian.
446 707 557 736 Induit
579 708 663 738 Gud.

95 753 237 784 Curvavit
253 754 371 784 Medic.
395 753 420 783 C
420 753 523 782 arabit
536 755 618 783 Ven.

145 801 217 840 189.
239 801 419 840 Sequuntur
435 799 532 829 Goth.
550 810 599 839 pr.
618 816 665 823 —-

98 857 171 886 190.
188 848 376 886 Magnaque
390 856 459 874 cum
474 855 593 885 magno
603 852 662 876 etc.

96 893 225 932 Proprie
237 892 317 921 dixit
328 891 479 931 Virgilius
491 891 664 921 :laboriosa

93 939 204 967 tritura
218 949 365 979 magnum
378 937 506 977 frugum
521 938 665 976 sequitur

93 991 283 1023 proventum
301 993 308 1014 :
322 983 434 1013 ”veniet
448 983 601 1024 agricoliS.
618 1001 665 1007 —

94 1032 230 1060 Ornatus
242 1030 342 1060 locus.
358 1031 402 1060 L't
415 1028 453 1059 de
466 1030 576 1059 futuro
591 1032 665 1059 anni

94 1083 250 1115 proventu
265 1076 400 1115 judicari
420 1077 537 1116 possit,
557 1075 664 1105 obser-

94 1122 233 1152 vandum
247 1134 311 1152 esse
326 1122 403 1152 dicit
425 1132 462 1151 an
488 1132 556 1151 nux
578 1134 666 1161 amy-

90 1168 209 1207 gdala,
236 1179 307 1209 quae
331 1170 435 1209 primo
459 1179 533 1197 vere
560 1168 663 1206 floret,

93 1213 231 1244 abundet
239 1215 340 1245 multo
347 1215 435 1252 flore;
444 1216 486 1244 ita
494 1215 576 1244 enim
584 1226 665 1256 mag-

94 1270 167 1289 nam
175 1261 366 1291 fertilitatem
377 1263 450 1291 anni
459 1262 473 1290 s
471 1272 524 1291 ore
533 1272 541 1298 ;
550 1262 597 1290 sin
605 1272 664 1301 pro

94 1305 172 1336 flore
182 1307 276 1337 arbor
288 1308 369 1338 foh'is
382 1308 576 1344 luxurietur,
587 1318 665 1336 mes-

94 1362 158 1381 sem
174 1353 241 1383 sore
259 1355 437 1395 malignam.
447 1354 499 1383 Ad
509 1353 665 1393 amygda-

94 1397 160 1426 lam
181 1399 383 1429 referendum
404 1410 468 1428 esse
480 1422 488 1436 ‚
503 1410 542 1427 ex
561 1398 664 1428 Theo·

93 1442 244 1484 phy-lacto
254 1445 411 1475 Problem.
422 1451 485 1474 nat.
497 1445 544 1485 (c.
560 1454 571 1472 1
580 1443 618 1484 6)
634 1451 664 1473 et

94 1489 225 1520 Philone
257 1490 296 1520 de
324 1492 387 1520 vita
414 1492 497 1520 Mos.
517 1490 587 1530 (ΙΙΙ
597 1512 606 1526 ,
630 1501 662 1530 p.

98 1535 159 1565 163
170 1559 179 1573 ,
207 1543 230 1566 t.
260 1538 290 1566 11
326 1536 375 1567 ed.
400 1537 507 1577 Mang.
519 1535 530 1575 )
541 1558 549 1572 ,
579 1535 664 1575 apud

95 1582 227 1611 Cerdam
250 1589 393 1623 apparet3
417 1589 463 1612 est
490 1583 574 1611 enim
597 1592 664 1611 nux

91 1629 213 1668 generis
227 1639 354 1658 nomen.
369 1628 547 1658 AEmulatur
559 1634 663 1657 autem

92 1675 184 1704 Maro
201 1675 334 1704 Aratum
345 1697 354 1711 ,
371 1675 427 1714 qm·
445 1675 478 1703 in
497 1676 661 1715 Prognost.

95 1720 112 1749 3
121 1726 160 1756 14
175 1731 243 1761 sqq.
258 1722 344 1762 signa
357 1721 504 1750 arationis
513 1719 662 1749 saciendae

93 1776 110 1794 a
124 1766 256 1797 lentisco
272 1773 303 1796 et
324 1768 395 1797 ilice
411 1766 532 1807 (σχῖνος
548 1773 578 1795 et
591 1765 661 1808 πρῖ-

93 1811 162 1852 νος)
180 1814 320 1853 petierat.
338 1813 390 1843 Ab
412 1813 523 1842 eodem
543 1812 662 1841 formu-

92 1857 155 1886 lam
171 1868 287 1888 novam
313 1859 518 1900 praeeipiendi
541 1859 633 1899 petiit
651 1867 659 1888 :

94 1905 343 1944 contemplator;
359 1903 471 1947 φράζεο
481 1927 490 1942 ,
506 1903 638 1934 σκέπτεο
650 1926 659 1940 ,

94 1947 272 1992 τεκμαίρου.
293 1952 396 1980 Etiam
422 1949 596 1987 Nicander,
625 1956 661 1979 ut

94 1995 188 2026 Ther.
214 1996 279 2036 396
291 2018 300 2034 ,
318 1997 381 2032 438
393 2019 403 2033 ,
423 2007 491 2026 nux
506 1995 616 2025 induet
629 2005 662 2024 se

93 2041 270 2084 inflorem,
289 2048 327 2071 ut
337 2044 407 2072 AEn.
417 2043 481 2072 VH
491 2064 499 2079 ‚
517 2052 571 2078 20,
585 2051 663 2081 quos

93 2104 139 2110 ———
152 2087 301 2117 induerat
320 2087 407 2118 Circe
428 2087 462 2117 in
481 2088 590 2117 vulcus
611 2094 659 2116 at-

94 2144 154 2173 que
169 2133 390 2175 orafi’rarum.
414 2134 566 2164 Usitatius
582 2139 662 2162 esset

93 2179 197 2210 induit
215 2190 248 2210 se
253 2180 358 2223 flore,
385 2187 422 2210 ut
447 2181 560 2221 saepius
577 2178 661 2220 apud

281 2234 311 2268 1.

719 622 862 646 auctores
888 618 927 646 R.
950 618 989 646 R.
1015 627 1045 645 v.
1068 626 1096 645 c.
1122 615 1288 648 Columell.

718 664 775 699 IV,
794 668 852 699 24,
873 661 893 702 S
918 672 955 691 12
978 661 1114 691 induunt
1129 672 1162 691 se
1181 662 1244 692 uvis
1258 674 1289 694 n.

720 704 797 737 xites
808 730 816 745 ,
830 707 863 738 h.
875 707 1013 737 vestiunt
1023 719 1070 745 se;
1082 715 1112 737 et
1121 707 1177 737 inf.
1195 709 1291 739 Geor.

719 755 764 782 IV
778 776 786 791 ,
807 760 868 789 142
896 755 1039 793 Quosque
1063 753 1095 782 iu
1104 754 1192 796 flore
1212 765 1292 784 novo

713 799 821 838 pomis
835 810 868 828 se
873 799 994 839 fertilis
1011 799 1103 828 arbos
1123 800 1290 830 Induerat.

717 845 796 874 Nux
800 844 943 884 plurima
955 867 963 881 ,
977 844 1028 873 vel
1044 855 1112 874 nux
1127 855 1198 884 quae
1214 846 1293 875 mul-

717 896 748 919 ta
768 897 813 919 est
831 891 866 919 in
883 890 987 926 suxis,
1006 890 1037 920 h.
1063 890 1180 930 quibus
1206 892 1294 922 silvae

719 935 897 973 abundant,
915 947 944 965 V.
966 936 997 966 li.
1013 936 1034 966 Ι.
1049 938 1156 966 Burin.
1169 959 1178 974 ,
1193 937 1242 966 vel
1257 946 1295 968 ut

717 983 775 1019 sit,
801 982 928 1023 quando
953 993 1022 1012 nux
1045 983 1237 1022 plurimum,
1257 984 1290 1014 h.

719 1039 792 1057 eum
824 1030 959 1058 maxime
977 1051 984 1065 ,
1017 1039 1049 1057 se
1084 1029 1214 1059 induit:
1234 1030 1290 1062 inf,

720 1076 815 1105 Geor.
831 1077 878 1111 11,
900 1075 962 1104 166
985 1075 1072 1104 Italia
1094 1086 1172 1105 auro
1188 1075 1293 1115 pluri-

719 1132 773 1150 ma
784 1121 901 1163 βιαία
926 1128 1018 1161 atque
1039 1121 1102 1151 hoe
1128 1129 1221 1161 poeta
1246 1121 1292 1152 di-

719 1168 820 1208 gnius.
846 1170 938 1198 Fetus
956 1178 1044 1196 nunc
1072 1167 1165 1197 flores
1192 1175 1291 1204 sunt,

718 1224 796 1243 mox
810 1215 842 1243 in
856 1224 964 1250 nuceS‚
982 1213 1062 1242 setus
1076 1213 1212 1250 arboris,
1229 1213 1294 1243 ahi-

718 1261 792 1289 turi.
826 1260 992 1299 Exquisite
1027 1259 1110 1289 djcta
1135 1266 1209 1289 sunt
1232 1269 1240 1289 :
1266 1260 1294 1288 si

718 1313 886 1345 superant,
906 1307 1061 1334 si‘eorum
1079 1306 1179 1342 major
1201 1306 1292 1345 copia

719 1358 765 1380 est
785 1359 840 1381 :et
869 1362 928 1391 pro
963 1351 1076 1388 altero,
1103 1352 1196 1380 etiam
1224 1350 1293 1380 fru-

719 1399 818 1426 menti
836 1398 935 1435 major
955 1397 1014 1425 erit
1033 1399 1122 1437 eopia
1142 1396 1293 1436 :pariter

709 1441 879 1482 μᾒἹΙῘῙῘΘῙΖῙιίΖ
910 1450 1088 1482 seqllenllll‘.
1112 1444 1160 1472 De
1179 1442 1291 1472 ἶῙῚ-ΠΙῙα

718 1488 782 1518 vid.
800 1488 838 1517 ad
859 1499 904 1518 vs.
927 1488 988 1525 178
1006 1498 1013 1518 :
1035 1498 1123 1517 nunc
1140 1488 1223 1517 dicta
1244 1495 1291 1517 est

717 1545 777 1574 pro
801 1545 909 1564 messe.
930 1533 1046 1563 Umbra
1063 1541 1108 1564 est
1124 1534 1219 1564 arhor
1241 1534 1290 1574 ip-

719 1589 750 1608 sa
765 1603 773 1617 ‚
800 1580 968 1615 umbrosa,
1006 1579 1165 1610 frondosa.
1201 1581 1291 1609 Area

718 1633 798 1655 teret
828 1626 947 1655 culmos
966 1648 974 1663 ,
1006 1628 1130 1666 poetica
1167 1627 1290 1656 ratione

716 1682 782 1701 non
822 1672 1021 1712 infrequente
1044 1695 1053 1710 ,
1091 1683 1152 1714 pro
1190 1672 1289 1703 culmi
1333 1703 1336 1706 ,

716 1724 857 1747 terentur
888 1719 921 1746 in
953 1728 1037 1755 area,
1061 1719 1119 1749 inf.
1152 1719 1230 1758 298.
1256 1729 1288 1749 v-

716 1763 755 1793 ad
772 1764 892 1794 Tibull.
908 1765 939 1801 Ι,
956 1764 994 1801 5,
1015 1775 1055 1794 22
1077 1772 1108 1794 et
1127 1763 1227 1795 Cerda
1249 1763 1289 1793 ad

714 1809 746 1840 h.
761 1810 783 1840 l.
794 1810 928 1850 Reliqua
942 1811 986 1839 sic
999 1811 1132 1852 jungere
1144 1817 1290 1850 praestat:

715 1867 793 1885 urea
808 1855 1021 1896 nequicquam
1046 1864 1126 1886 teret
1144 1856 1284 1891 culmos,

714 1909 826 1942 utpote
858 1901 998 1942 pingues
1013 1925 1021 1938 ‚
1064 1901 1260 1931 abundantes
1275 1923 1286 1938 ,

708 1948 829 1988 palea,
845 1958 912 1977 non
934 1948 1049 1988 granis,
1075 1949 1182 1977 Potest
1201 1948 1287 1978 enim

714 1994 807 2023 etiam
825 1994 941 2033 jungi:
964 2003 1042 2022 area
1065 2000 1145 2023 teret
1165 1993 1288 2023 culmos

715 2039 926 2080 nequicquam
935 2061 945 2075 ,
967 2039 1081 2069 frustra
1092 2062 1101 2077 ‚
1114 2040 1282 2077 inutiliter,

708 2085 865 2127 pingues,
889 2096 964 2115 cnm
991 2096 1058 2115 non
1089 2087 1192 2127 granis
1221 2087 1286 2116 sint

711 2133 862 2173 pingues,
877 2131 931 2161 sed
937 2132 1050 2172 palea.

765 2179 838 2219 193.
865 2177 996 2208 Semina
1013 2178 1211 2220 leguminum
1233 2178 1283 2212 ine

1045 2231 1088 2267 15
