<?xml version="1.0" encoding="UTF-8"?>
<!DOCTYPE html PUBLIC "-//W3C//DTD XHTML 1.0 Transitional//EN"
    "http://www.w3.org/TR/xhtml1/DTD/xhtml1-transitional.dtd">
<html xmlns="http://www.w3.org/1999/xhtml" xml:lang="en" lang="en">
 <head>
  <title>
</title>
<meta http-equiv="Content-Type" content="text/html;charset=utf-8" />
  <meta name='ocr-system' content='tesseract 3.04.00' />
  <meta name='ocr-capabilities' content='ocr_page ocr_carea ocr_par ocr_line ocrx_word'/>
</head>
<body>
  <div class='ocr_page' id='page_1' title='image "./operahey01virguoft_0173.png"; bbox 0 0 1408 2428; ppageno 0'>
   <div class='ocr_carea' id='block_1_1' title="bbox 590 53 759 82">
    <p class='ocr_par' dir='ltr' id='par_1_1' title="bbox 590 53 759 82">
     <span class='ocr_line' id='line_1_1' title="bbox 590 53 759 82; baseline 0.006 -1"><span class='ocrx_word' id='word_1_1' title='bbox 590 53 709 82; x_wconf 88' lang='lat' dir='ltr'>LIBER</span> <span class='ocrx_word' id='word_1_2' title='bbox 735 54 759 82; x_wconf 91' lang='grc' dir='ltr'><strong>Ι.</strong></span> 
     </span>
    </p>
   </div>
   <div class='ocr_carea' id='block_1_2' title="bbox 1211 53 1270 90">
    <p class='ocr_par' dir='ltr' id='par_1_2' title="bbox 1211 53 1270 90">
     <span class='ocr_line' id='line_1_2' title="bbox 1211 53 1270 90; baseline 0.017 -11"><span class='ocrx_word' id='word_1_3' title='bbox 1211 53 1270 90; x_wconf 83' lang='lat'><strong>¹39</strong></span> 
     </span>
    </p>
   </div>
   <div class='ocr_carea' id='block_1_3' title="bbox 90 109 1275 276">
    <p class='ocr_par' dir='ltr' id='par_1_3' title="bbox 90 109 1275 276">
     <span class='ocr_line' id='line_1_3' title="bbox 90 109 1042 160; baseline -0.002 -13"><span class='ocrx_word' id='word_1_4' title='bbox 90 111 145 147; x_wconf 91' lang='lat' dir='ltr'><strong>Sit</strong></span> <span class='ocrx_word' id='word_1_5' title='bbox 166 110 309 159; x_wconf 80' lang='lat' dir='ltr'><strong>pecori3</strong></span> <span class='ocrx_word' id='word_1_6' title='bbox 330 109 463 160; x_wconf 81' lang='lat' dir='ltr'><strong>apibus</strong></span> <span class='ocrx_word' id='word_1_7' title='bbox 484 118 626 157; x_wconf 83' lang='lat' dir='ltr'><strong>quanta</strong></span> <span class='ocrx_word' id='word_1_8' title='bbox 646 110 875 159; x_wconf 78' lang='lat' dir='ltr'>experientia</span> <span class='ocrx_word' id='word_1_9' title='bbox 894 110 1015 159; x_wconf 85' lang='lat' dir='ltr'><strong>parcis</strong></span> <span class='ocrx_word' id='word_1_10' title='bbox 1033 137 1042 154; x_wconf 86' lang='lat'>‚</span> 
     </span>
     <span class='ocr_line' id='line_1_4' title="bbox 91 167 1275 217; baseline -0.002 -12"><span class='ocrx_word' id='word_1_11' title='bbox 91 170 186 206; x_wconf 90' lang='lat' dir='ltr'><strong>Hinc</strong></span> <span class='ocrx_word' id='word_1_12' title='bbox 203 182 336 205; x_wconf 83' lang='lat' dir='ltr'><strong>canere</strong></span> <span class='ocrx_word' id='word_1_13' title='bbox 355 167 542 217; x_wconf 83' lang='lat' dir='ltr'><strong>incipiam.</strong></span> <span class='ocrx_word' id='word_1_14' title='bbox 560 171 655 214; x_wconf 87' lang='lat' dir='ltr'>Vos,</span> <span class='ocrx_word' id='word_1_15' title='bbox 676 181 698 204; x_wconf 92' lang='grc' dir='ltr'>ο</span> <span class='ocrx_word' id='word_1_16' title='bbox 715 169 917 206; x_wconf 82' lang='lat' dir='ltr'><strong>clarissima</strong></span> <span class='ocrx_word' id='word_1_17' title='bbox 933 167 1064 204; x_wconf 84' lang='lat' dir='ltr'><strong>mundi</strong></span> <span class='ocrx_word' id='word_1_18' title='bbox 1264 176 1275 198; x_wconf 79' lang='lat'><strong>5</strong></span> 
     </span>
     <span class='ocr_line' id='line_1_5' title="bbox 91 227 1013 276; baseline 0 -13"><span class='ocrx_word' id='word_1_19' title='bbox 91 228 269 275; x_wconf 83' lang='lat' dir='ltr'><strong>Lumina,</strong></span> <span class='ocrx_word' id='word_1_20' title='bbox 288 227 474 264; x_wconf 86' lang='lat' dir='ltr'><strong>labentem</strong></span> <span class='ocrx_word' id='word_1_21' title='bbox 491 227 583 264; x_wconf 86' lang='lat' dir='ltr'><strong>coelo</strong></span> <span class='ocrx_word' id='word_1_22' title='bbox 602 241 685 276; x_wconf 87' lang='lat' dir='ltr'><strong>quae</strong></span> <span class='ocrx_word' id='word_1_23' title='bbox 704 228 838 265; x_wconf 84' lang='lat' dir='ltr'><strong>ducitis</strong></span> <span class='ocrx_word' id='word_1_24' title='bbox 857 240 1013 271; x_wconf 84' lang='lat' dir='ltr'><strong>annum,</strong></span> 
     </span>
    </p>
   </div>
   <div class='ocr_carea' id='block_1_4' title="bbox 64 363 654 2188">
    <p class='ocr_par' dir='ltr' id='par_1_4' title="bbox 64 363 654 2188">
     <span class='ocr_line' id='line_1_6' title="bbox 85 363 654 403; baseline 0.002 -11"><span class='ocrx_word' id='word_1_25' title='bbox 85 363 194 403; x_wconf 79' lang='lat' dir='ltr'><strong>pecori</strong></span> <span class='ocrx_word' id='word_1_26' title='bbox 204 375 216 398; x_wconf 89' lang='lat'><em>;</em></span> <span class='ocrx_word' id='word_1_27' title='bbox 242 373 301 403; x_wconf 81' lang='lat' dir='ltr'><strong>pro</strong></span> <span class='ocrx_word' id='word_1_28' title='bbox 322 363 462 403; x_wconf 71' lang='lat' dir='ltr'><strong>vulgari,</strong></span> <span class='ocrx_word' id='word_1_29' title='bbox 490 375 559 403; x_wconf 88' lang='lat' dir='ltr'><strong>quae</strong></span> <span class='ocrx_word' id='word_1_30' title='bbox 579 375 654 393; x_wconf 86' lang='lat' dir='ltr'><strong>cura</strong></span> 
     </span>
     <span class='ocr_line' id='line_1_7' title="bbox 89 409 652 450; baseline 0.002 -12"><span class='ocrx_word' id='word_1_31' title='bbox 89 410 128 438; x_wconf 81' lang='lat' dir='ltr'><strong>sit</strong></span> <span class='ocrx_word' id='word_1_32' title='bbox 158 409 300 448; x_wconf 85' lang='lat' dir='ltr'><strong>pecoris,</strong></span> <span class='ocrx_word' id='word_1_33' title='bbox 333 409 420 448; x_wconf 87' lang='lat' dir='ltr'><strong>quod</strong></span> <span class='ocrx_word' id='word_1_34' title='bbox 445 411 514 450; x_wconf 88' lang='lat' dir='ltr'><strong>quis</strong></span> <span class='ocrx_word' id='word_1_35' title='bbox 539 410 652 447; x_wconf 89' lang='lat' dir='ltr'><strong>hahet,</strong></span> 
     </span>
     <span class='ocr_line' id='line_1_8' title="bbox 88 454 653 494; baseline 0.004 -11"><span class='ocrx_word' id='word_1_36' title='bbox 88 454 226 494; x_wconf 82' lang='lat' dir='ltr'><strong>possidet</strong></span> <span class='ocrx_word' id='word_1_37' title='bbox 240 476 248 491; x_wconf 87' lang='lat'><em>‚</em></span> <span class='ocrx_word' id='word_1_38' title='bbox 276 455 340 484; x_wconf 88' lang='lat' dir='ltr'><strong>sive</strong></span> <span class='ocrx_word' id='word_1_39' title='bbox 356 455 409 485; x_wconf 84' lang='lat' dir='ltr'><strong>ah&#39;t</strong></span> <span class='ocrx_word' id='word_1_40' title='bbox 423 478 430 492; x_wconf 92' lang='lat'><strong><em>‚</em></strong></span> <span class='ocrx_word' id='word_1_41' title='bbox 453 463 554 485; x_wconf 79' lang='lat' dir='ltr'><strong>servat</strong></span> <span class='ocrx_word' id='word_1_42' title='bbox 568 478 576 492; x_wconf 91' lang='lat'>,</span> <span class='ocrx_word' id='word_1_43' title='bbox 596 455 653 485; x_wconf 74' lang='lat' dir='ltr'><em>Iza-</em></span> 
     </span>
     <span class='ocr_line' id='line_1_9' title="bbox 88 500 653 541; baseline 0.005 -13"><span class='ocrx_word' id='word_1_44' title='bbox 88 500 189 529; x_wconf 81' lang='lat' dir='ltr'><strong>hendo</strong></span> <span class='ocrx_word' id='word_1_45' title='bbox 204 500 244 529; x_wconf 87' lang='lat' dir='ltr'><strong>ad</strong></span> <span class='ocrx_word' id='word_1_46' title='bbox 260 507 406 530; x_wconf 84' lang='lat' dir='ltr'><strong>ornatum</strong></span> <span class='ocrx_word' id='word_1_47' title='bbox 423 502 580 539; x_wconf 86' lang='lat' dir='ltr'><strong>adjectum</strong></span> <span class='ocrx_word' id='word_1_48' title='bbox 594 512 653 541; x_wconf 83' lang='lat' dir='ltr'><strong>pro</strong></span> 
     </span>
     <span class='ocr_line' id='line_1_10' title="bbox 87 545 651 586; baseline 0.005 -12"><span class='ocrx_word' id='word_1_49' title='bbox 87 545 235 585; x_wconf 82' lang='lat' dir='ltr'><strong>epitheto.</strong></span> <span class='ocrx_word' id='word_1_50' title='bbox 245 546 328 586; x_wconf 85' lang='lat' dir='ltr'><strong>[Non</strong></span> <span class='ocrx_word' id='word_1_51' title='bbox 339 546 535 576; x_wconf 78' lang='lat' dir='ltr'><strong>adornatum</strong></span> <span class='ocrx_word' id='word_1_52' title='bbox 546 548 651 583; x_wconf 82' lang='lat' dir='ltr'><strong>modo,</strong></span> 
     </span>
     <span class='ocr_line' id='line_1_11' title="bbox 85 591 652 632; baseline 0.004 -12"><span class='ocrx_word' id='word_1_53' title='bbox 85 591 140 620; x_wconf 87' lang='lat' dir='ltr'><strong>sed</strong></span> <span class='ocrx_word' id='word_1_54' title='bbox 155 598 186 620; x_wconf 87' lang='lat' dir='ltr'><strong>et</strong></span> <span class='ocrx_word' id='word_1_55' title='bbox 201 592 240 621; x_wconf 90' lang='lat' dir='ltr'><strong>ad</strong></span> <span class='ocrx_word' id='word_1_56' title='bbox 253 602 378 621; x_wconf 85' lang='lat' dir='ltr'><strong>sensum</strong></span> <span class='ocrx_word' id='word_1_57' title='bbox 393 593 522 632; x_wconf 89' lang='lat' dir='ltr'><strong>quidem</strong></span> <span class='ocrx_word' id='word_1_58' title='bbox 536 602 543 623; x_wconf 75' lang='grc' dir='ltr'>ε</span> <span class='ocrx_word' id='word_1_59' title='bbox 558 595 652 622; x_wconf 82' lang='lat' dir='ltr'><strong>inter-</strong></span> 
     </span>
     <span class='ocr_line' id='line_1_12' title="bbox 84 638 652 677; baseline 0.004 -11"><span class='ocrx_word' id='word_1_60' title='bbox 84 644 248 676; x_wconf 85' lang='lat' dir='ltr'><strong>pretantur</strong></span> <span class='ocrx_word' id='word_1_61' title='bbox 255 638 372 677; x_wconf 89' lang='lat' dir='ltr'><strong>quippe</strong></span> <span class='ocrx_word' id='word_1_62' title='bbox 381 639 481 669; x_wconf 85' lang='lat' dir='ltr'><strong>Cerda</strong></span> <span class='ocrx_word' id='word_1_63' title='bbox 488 646 517 668; x_wconf 91' lang='lat' dir='ltr'><strong>et</strong></span> <span class='ocrx_word' id='word_1_64' title='bbox 525 641 652 675; x_wconf 79' lang='lat' dir='ltr'>Ruaeus,</span> 
     </span>
     <span class='ocr_line' id='line_1_13' title="bbox 86 682 652 724; baseline 0.004 -13"><span class='ocrx_word' id='word_1_65' title='bbox 86 692 151 712; x_wconf 88' lang='lat' dir='ltr'><strong>non</strong></span> <span class='ocrx_word' id='word_1_66' title='bbox 168 683 255 722; x_wconf 83' lang='lat' dir='ltr'><strong>quod</strong></span> <span class='ocrx_word' id='word_1_67' title='bbox 265 682 396 713; x_wconf 75' lang='lat' dir='ltr'><strong>habetur</strong></span> <span class='ocrx_word' id='word_1_68' title='bbox 412 683 580 724; x_wconf 78' lang='lat' dir='ltr'><strong>(pecori),</strong></span> <span class='ocrx_word' id='word_1_69' title='bbox 597 685 652 713; x_wconf 90' lang='lat' dir='ltr'><strong>sed</strong></span> 
     </span>
     <span class='ocr_line' id='line_1_14' title="bbox 85 727 651 769; baseline 0.007 -14"><span class='ocrx_word' id='word_1_70' title='bbox 85 728 173 766; x_wconf 81' lang='lat' dir='ltr'><strong>quod</strong></span> <span class='ocrx_word' id='word_1_71' title='bbox 191 727 362 764; x_wconf 80' lang='lat' dir='ltr'><strong>habeatur;</strong></span> <span class='ocrx_word' id='word_1_72' title='bbox 389 731 588 769; x_wconf 83' lang='lat' dir='ltr'>probantque</span> <span class='ocrx_word' id='word_1_73' title='bbox 612 740 651 758; x_wconf 82' lang='lat' dir='ltr'><strong>ex</strong></span> 
     </span>
     <span class='ocr_line' id='line_1_15' title="bbox 83 774 648 814; baseline 0.004 -13"><span class='ocrx_word' id='word_1_74' title='bbox 83 774 152 812; x_wconf 89' lang='lat' dir='ltr'><strong>ipso</strong></span> <span class='ocrx_word' id='word_1_75' title='bbox 168 775 299 803; x_wconf 80' lang='lat' dir='ltr'>Marone</span> <span class='ocrx_word' id='word_1_76' title='bbox 311 796 318 809; x_wconf 87' lang='lat'><strong>‚</strong></span> <span class='ocrx_word' id='word_1_77' title='bbox 340 775 454 814; x_wconf 82' lang='lat' dir='ltr'><strong>Georg.</strong></span> <span class='ocrx_word' id='word_1_78' title='bbox 473 776 530 809; x_wconf 87' lang='lat' dir='ltr'>III,</span> <span class='ocrx_word' id='word_1_79' title='bbox 563 775 624 813; x_wconf 86' lang='lat'><strong>159</strong></span> <span class='ocrx_word' id='word_1_80' title='bbox 642 784 648 804; x_wconf 92' lang='lat'>:</span> 
     </span>
     <span class='ocr_line' id='line_1_16' title="bbox 84 819 649 859; baseline 0 -12"><span class='ocrx_word' id='word_1_81' title='bbox 84 819 128 847; x_wconf 82' lang='lat' dir='ltr'><strong>Ec</strong></span> <span class='ocrx_word' id='word_1_82' title='bbox 145 829 222 858; x_wconf 82' lang='lat' dir='ltr'><strong>quos</strong></span> <span class='ocrx_word' id='word_1_83' title='bbox 245 826 301 847; x_wconf 81' lang='lat' dir='ltr'><strong>auc</strong></span> <span class='ocrx_word' id='word_1_84' title='bbox 320 821 427 859; x_wconf 87' lang='lat' dir='ltr'><strong>pecori</strong></span> <span class='ocrx_word' id='word_1_85' title='bbox 451 819 567 848; x_wconf 81' lang='lat' dir='ltr'><strong>malint</strong></span> <span class='ocrx_word' id='word_1_86' title='bbox 582 820 649 848; x_wconf 80' lang='lat' dir='ltr'><em>sub-</em></span> 
     </span>
     <span class='ocr_line' id='line_1_17' title="bbox 84 863 649 904; baseline 0.002 -12"><span class='ocrx_word' id='word_1_87' title='bbox 84 863 204 893; x_wconf 81' lang='lat' dir='ltr'><em>mittere</em></span> <span class='ocrx_word' id='word_1_88' title='bbox 217 864 395 904; x_wconf 60' lang='lat' dir='ltr'><strong>habenda]</strong></span> <span class='ocrx_word' id='word_1_89' title='bbox 413 865 559 895; x_wconf 87' lang='lat' dir='ltr'><strong>Sollenne</strong></span> <span class='ocrx_word' id='word_1_90' title='bbox 575 875 649 893; x_wconf 83' lang='lat' dir='ltr'><strong>vero</strong></span> 
     </span>
     <span class='ocr_line' id='line_1_18' title="bbox 83 910 647 949; baseline 0.004 -11"><span class='ocrx_word' id='word_1_91' title='bbox 83 910 117 938; x_wconf 85' lang='lat' dir='ltr'><strong>iu</strong></span> <span class='ocrx_word' id='word_1_92' title='bbox 140 920 172 939; x_wconf 89' lang='lat' dir='ltr'><strong>re</strong></span> <span class='ocrx_word' id='word_1_93' title='bbox 198 911 343 949; x_wconf 79' lang='lat' dir='ltr'>pecuaria</span> <span class='ocrx_word' id='word_1_94' title='bbox 371 917 416 939; x_wconf 92' lang='lat' dir='ltr'><strong>est</strong></span> <span class='ocrx_word' id='word_1_95' title='bbox 434 910 557 940; x_wconf 76' lang='lat' dir='ltr'><strong>habere.</strong></span> <span class='ocrx_word' id='word_1_96' title='bbox 584 910 647 940; x_wconf 81' lang='lat' dir='ltr'><strong>vid.</strong></span> 
     </span>
     <span class='ocr_line' id='line_1_19' title="bbox 83 955 649 996; baseline 0.004 -12"><span class='ocrx_word' id='word_1_97' title='bbox 83 956 187 985; x_wconf 88' lang='lat' dir='ltr'><strong>Burm.</strong></span> <span class='ocrx_word' id='word_1_98' title='bbox 205 972 251 977; x_wconf 90' lang='lat'><strong>-—-</strong></span> <span class='ocrx_word' id='word_1_99' title='bbox 268 955 391 993; x_wconf 82' lang='lat' dir='ltr'><strong>Cultus,</strong></span> <span class='ocrx_word' id='word_1_100' title='bbox 414 967 472 996; x_wconf 86' lang='lat' dir='ltr'><strong>pro</strong></span> <span class='ocrx_word' id='word_1_101' title='bbox 496 967 589 993; x_wconf 85' lang='lat' dir='ltr'><strong>cura,</strong></span> <span class='ocrx_word' id='word_1_102' title='bbox 613 964 649 986; x_wconf 89' lang='lat' dir='ltr'><strong>ut</strong></span> 
     </span>
     <span class='ocr_line' id='line_1_20' title="bbox 83 1001 647 1043; baseline 0.002 -13"><span class='ocrx_word' id='word_1_103' title='bbox 83 1001 147 1030; x_wconf 89' lang='lat' dir='ltr'>Cic.</span> <span class='ocrx_word' id='word_1_104' title='bbox 160 1001 198 1031; x_wconf 88' lang='lat' dir='ltr'><strong>de</strong></span> <span class='ocrx_word' id='word_1_105' title='bbox 208 1003 246 1032; x_wconf 87' lang='lat' dir='ltr'><strong>N.</strong></span> <span class='ocrx_word' id='word_1_106' title='bbox 258 1002 297 1032; x_wconf 92' lang='lat' dir='ltr'><strong>D.</strong></span> <span class='ocrx_word' id='word_1_107' title='bbox 309 1003 350 1038; x_wconf 87' lang='grc' dir='ltr'><strong>ΙΙ,</strong></span> <span class='ocrx_word' id='word_1_108' title='bbox 366 1013 378 1031; x_wconf 92' lang='grc'>1</span> <span class='ocrx_word' id='word_1_109' title='bbox 387 1003 426 1031; x_wconf 83' lang='lat'><strong>58</strong></span> <span class='ocrx_word' id='word_1_110' title='bbox 438 1013 509 1043; x_wconf 79' lang='lat' dir='ltr'><strong>quae</strong></span> <span class='ocrx_word' id='word_1_111' title='bbox 522 1003 647 1042; x_wconf 84' lang='lat' dir='ltr'><strong>quidem</strong></span> 
     </span>
     <span class='ocr_line' id='line_1_21' title="bbox 85 1046 648 1089; baseline 0.005 -14"><span class='ocrx_word' id='word_1_112' title='bbox 85 1046 95 1085; x_wconf 85' lang='lat'>(</span> <span class='ocrx_word' id='word_1_113' title='bbox 107 1056 180 1076; x_wconf 88' lang='lat' dir='ltr'><strong>oves</strong></span> <span class='ocrx_word' id='word_1_114' title='bbox 193 1047 205 1088; x_wconf 92' lang='lat'><em>)</em></span> <span class='ocrx_word' id='word_1_115' title='bbox 222 1057 324 1087; x_wconf 81' lang='lat' dir='ltr'><strong>neque</strong></span> <span class='ocrx_word' id='word_1_116' title='bbox 337 1048 398 1085; x_wconf 75' lang='lat' dir='ltr'><strong>ali,</strong></span> <span class='ocrx_word' id='word_1_117' title='bbox 416 1059 516 1089; x_wconf 79' lang='lat' dir='ltr'><strong>neque</strong></span> <span class='ocrx_word' id='word_1_118' title='bbox 532 1057 648 1078; x_wconf 80' lang='lat' dir='ltr'><strong>susten-</strong></span> 
     </span>
     <span class='ocr_line' id='line_1_22' title="bbox 82 1092 648 1136; baseline 0.007 -16"><span class='ocrx_word' id='word_1_119' title='bbox 82 1092 159 1129; x_wconf 77' lang='lat' dir='ltr'><strong>tari,</strong></span> <span class='ocrx_word' id='word_1_120' title='bbox 180 1103 281 1133; x_wconf 85' lang='lat' dir='ltr'><strong>neque</strong></span> <span class='ocrx_word' id='word_1_121' title='bbox 295 1093 393 1123; x_wconf 81' lang='lat' dir='ltr'><em>ullum</em></span> <span class='ocrx_word' id='word_1_122' title='bbox 400 1094 541 1136; x_wconf 77' lang='lat' dir='ltr'><strong>finctum</strong></span> <span class='ocrx_word' id='word_1_123' title='bbox 557 1095 648 1124; x_wconf 78' lang='lat' dir='ltr'><strong>edere</strong></span> 
     </span>
     <span class='ocr_line' id='line_1_23' title="bbox 82 1138 647 1175; baseline 0.007 -9"><span class='ocrx_word' id='word_1_124' title='bbox 82 1148 123 1166; x_wconf 76' lang='lat' dir='ltr'><strong>ex</strong></span> <span class='ocrx_word' id='word_1_125' title='bbox 150 1149 200 1175; x_wconf 80' lang='lat' dir='ltr'><strong>se,</strong></span> <span class='ocrx_word' id='word_1_126' title='bbox 227 1138 297 1168; x_wconf 81' lang='lat' dir='ltr'><strong>sine</strong></span> <span class='ocrx_word' id='word_1_127' title='bbox 319 1140 407 1169; x_wconf 89' lang='lat' dir='ltr'><strong>cultu</strong></span> <span class='ocrx_word' id='word_1_128' title='bbox 427 1141 593 1171; x_wconf 78' lang='lat' dir='ltr'><strong>hominum</strong></span> <span class='ocrx_word' id='word_1_129' title='bbox 618 1147 647 1170; x_wconf 83' lang='lat' dir='ltr'><strong>et</strong></span> 
     </span>
     <span class='ocr_line' id='line_1_24' title="bbox 82 1184 648 1227; baseline 0.005 -15"><span class='ocrx_word' id='word_1_130' title='bbox 82 1184 243 1214; x_wconf 87' lang='lat' dir='ltr'><strong>curatione</strong></span> <span class='ocrx_word' id='word_1_131' title='bbox 257 1185 442 1225; x_wconf 58' lang='lat' dir='ltr'><strong>potuim-ent.</strong></span> <span class='ocrx_word' id='word_1_132' title='bbox 459 1205 505 1210; x_wconf 97' lang='lat'>—</span> <span class='ocrx_word' id='word_1_133' title='bbox 522 1193 551 1222; x_wconf 78' lang='lat'><strong>4.</strong></span> <span class='ocrx_word' id='word_1_134' title='bbox 569 1187 580 1227; x_wconf 97' lang='lat'>[</span> <span class='ocrx_word' id='word_1_135' title='bbox 601 1187 648 1215; x_wconf 76' lang='lat' dir='ltr'><strong>Sit</strong></span> 
     </span>
     <span class='ocr_line' id='line_1_25' title="bbox 75 1229 643 1271; baseline 0.007 -13"><span class='ocrx_word' id='word_1_136' title='bbox 75 1229 186 1268; x_wconf 81' lang='lat' dir='ltr'><strong>pecori</strong></span> <span class='ocrx_word' id='word_1_137' title='bbox 202 1242 214 1265; x_wconf 89' lang='lat'><strong>,·</strong></span> <span class='ocrx_word' id='word_1_138' title='bbox 244 1231 351 1271; x_wconf 77' lang='lat' dir='ltr'><em>apibus</em></span> <span class='ocrx_word' id='word_1_139' title='bbox 384 1240 442 1263; x_wconf 89' lang='lat' dir='ltr'><strong>etc.</strong></span> <span class='ocrx_word' id='word_1_140' title='bbox 479 1233 557 1262; x_wconf 89' lang='lat' dir='ltr'><strong>male</strong></span> <span class='ocrx_word' id='word_1_141' title='bbox 587 1233 643 1262; x_wconf 88' lang='lat' dir='ltr'><strong>Ed.</strong></span> 
     </span>
     <span class='ocr_line' id='line_1_26' title="bbox 79 1275 644 1318; baseline 0.009 -15"><span class='ocrx_word' id='word_1_142' title='bbox 79 1275 248 1315; x_wconf 81' lang='lat' dir='ltr'><strong><em>Princeps,</em></strong></span> <span class='ocrx_word' id='word_1_143' title='bbox 266 1287 361 1317; x_wconf 88' lang='lat' dir='ltr'><strong>quam</strong></span> <span class='ocrx_word' id='word_1_144' title='bbox 379 1286 519 1318; x_wconf 85' lang='lat' dir='ltr'><strong>sequutae</strong></span> <span class='ocrx_word' id='word_1_145' title='bbox 537 1285 644 1318; x_wconf 85' lang='lat' dir='ltr'><strong>postea</strong></span> 
     </span>
     <span class='ocr_line' id='line_1_27' title="bbox 81 1321 643 1363; baseline 0.005 -13"><span class='ocrx_word' id='word_1_146' title='bbox 81 1321 143 1350; x_wconf 85' lang='lat' dir='ltr'><strong>fere</strong></span> <span class='ocrx_word' id='word_1_147' title='bbox 157 1332 264 1352; x_wconf 78' lang='lat' dir='ltr'><strong>omnes</strong></span> <span class='ocrx_word' id='word_1_148' title='bbox 275 1345 283 1359; x_wconf 81' lang='lat'><strong>‚</strong></span> <span class='ocrx_word' id='word_1_149' title='bbox 311 1330 406 1363; x_wconf 76' lang='lat' dir='ltr'><strong>atque</strong></span> <span class='ocrx_word' id='word_1_150' title='bbox 432 1325 621 1363; x_wconf 82' lang='lat' dir='ltr'>interposuit</span> <span class='ocrx_word' id='word_1_151' title='bbox 636 1346 643 1359; x_wconf 82' lang='lat'><em>‚</em></span> 
     </span>
     <span class='ocr_line' id='line_1_28' title="bbox 80 1366 645 1408; baseline 0.007 -14"><span class='ocrx_word' id='word_1_152' title='bbox 80 1366 183 1396; x_wconf 88' lang='lat' dir='ltr'>hiatus</span> <span class='ocrx_word' id='word_1_153' title='bbox 210 1368 331 1398; x_wconf 75' lang='lat' dir='ltr'><strong>vitandi</strong></span> <span class='ocrx_word' id='word_1_154' title='bbox 355 1379 446 1398; x_wconf 84' lang='lat' dir='ltr'><strong>causa</strong></span> <span class='ocrx_word' id='word_1_155' title='bbox 464 1391 472 1405; x_wconf 84' lang='lat'>‚</span> <span class='ocrx_word' id='word_1_156' title='bbox 504 1370 559 1408; x_wconf 88' lang='lat' dir='ltr'><strong>qui</strong></span> <span class='ocrx_word' id='word_1_157' title='bbox 587 1369 645 1398; x_wconf 86' lang='lat' dir='ltr'><strong>fre—</strong></span> 
     </span>
     <span class='ocr_line' id='line_1_29' title="bbox 78 1413 645 1451; baseline 0.004 -10"><span class='ocrx_word' id='word_1_158' title='bbox 78 1422 177 1451; x_wconf 88' lang='lat' dir='ltr'><strong>quens</strong></span> <span class='ocrx_word' id='word_1_159' title='bbox 201 1413 265 1450; x_wconf 88' lang='lat' dir='ltr'><strong>jam</strong></span> <span class='ocrx_word' id='word_1_160' title='bbox 293 1416 431 1443; x_wconf 90' lang='lat' dir='ltr'><strong>occurrit</strong></span> <span class='ocrx_word' id='word_1_161' title='bbox 456 1416 490 1443; x_wconf 90' lang='lat' dir='ltr'><strong>in</strong></span> <span class='ocrx_word' id='word_1_162' title='bbox 521 1415 645 1443; x_wconf 88' lang='lat' dir='ltr'><strong>Bucoli-</strong></span> 
     </span>
     <span class='ocr_line' id='line_1_30' title="bbox 79 1457 647 1497; baseline 0.005 -11"><span class='ocrx_word' id='word_1_163' title='bbox 79 1457 152 1497; x_wconf 85' lang='lat' dir='ltr'><strong>cis.]</strong></span> <span class='ocrx_word' id='word_1_164' title='bbox 166 1475 211 1480; x_wconf 89' lang='lat'><strong>—-</strong></span> <span class='ocrx_word' id='word_1_165' title='bbox 224 1458 338 1487; x_wconf 79' lang='lat' dir='ltr'><em>Paucis</em></span> <span class='ocrx_word' id='word_1_166' title='bbox 359 1460 477 1489; x_wconf 69' lang='lat' dir='ltr'><strong>Meadii</strong></span> <span class='ocrx_word' id='word_1_167' title='bbox 495 1460 590 1496; x_wconf 80' lang='lat' dir='ltr'><strong>liber,</strong></span> <span class='ocrx_word' id='word_1_168' title='bbox 611 1467 647 1489; x_wconf 90' lang='lat' dir='ltr'><strong>ut</strong></span> 
     </span>
     <span class='ocr_line' id='line_1_31' title="bbox 78 1503 644 1546; baseline 0.007 -15"><span class='ocrx_word' id='word_1_169' title='bbox 78 1505 132 1533; x_wconf 89' lang='lat' dir='ltr'><strong>sit:</strong></span> <span class='ocrx_word' id='word_1_170' title='bbox 139 1503 252 1543; x_wconf 81' lang='lat' dir='ltr'><em>paucis</em></span> <span class='ocrx_word' id='word_1_171' title='bbox 265 1503 338 1534; x_wconf 75' lang='lat' dir='ltr'><strong>hinc</strong></span> <span class='ocrx_word' id='word_1_172' title='bbox 347 1515 462 1535; x_wconf 82' lang='lat' dir='ltr'><strong>canere</strong></span> <span class='ocrx_word' id='word_1_173' title='bbox 475 1505 623 1546; x_wconf 64' lang='lat' dir='ltr'><strong>incipiam</strong></span> <span class='ocrx_word' id='word_1_174' title='bbox 632 1517 644 1541; x_wconf 92' lang='lat'><em>;</em></span> 
     </span>
     <span class='ocr_line' id='line_1_32' title="bbox 64 1550 645 1592; baseline 0.005 -14"><span class='ocrx_word' id='word_1_175' title='bbox 64 1574 69 1578; x_wconf 62' lang='grc'>,</span> <span class='ocrx_word' id='word_1_176' title='bbox 77 1550 193 1589; x_wconf 83' lang='lat' dir='ltr'><strong>inepte.</strong></span> <span class='ocrx_word' id='word_1_177' title='bbox 202 1551 391 1589; x_wconf 82' lang='lat' dir='ltr'><strong>—Quanta‚</strong></span> <span class='ocrx_word' id='word_1_178' title='bbox 400 1562 472 1590; x_wconf 85' lang='lat' dir='ltr'><strong>quae</strong></span> <span class='ocrx_word' id='word_1_179' title='bbox 482 1551 645 1592; x_wconf 76' lang='lat' dir='ltr'><strong>experien-</strong></span> 
     </span>
     <span class='ocr_line' id='line_1_33' title="bbox 77 1595 643 1638; baseline 0.007 -15"><span class='ocrx_word' id='word_1_180' title='bbox 77 1595 123 1624; x_wconf 77' lang='lat' dir='ltr'><strong>cia</strong></span> <span class='ocrx_word' id='word_1_181' title='bbox 135 1595 244 1635; x_wconf 81' lang='lat' dir='ltr'><em>apibus</em></span> <span class='ocrx_word' id='word_1_182' title='bbox 256 1606 298 1626; x_wconf 87' lang='lat' dir='ltr'><strong>sc.</strong></span> <span class='ocrx_word' id='word_1_183' title='bbox 307 1595 471 1633; x_wconf 87' lang='lat' dir='ltr'><strong>habendis,</strong></span> <span class='ocrx_word' id='word_1_184' title='bbox 485 1609 540 1627; x_wconf 88' lang='lat' dir='ltr'><strong>seu</strong></span> <span class='ocrx_word' id='word_1_185' title='bbox 549 1608 643 1638; x_wconf 89' lang='lat' dir='ltr'><strong>apum</strong></span> 
     </span>
     <span class='ocr_line' id='line_1_34' title="bbox 76 1640 640 1680; baseline 0.005 -10"><span class='ocrx_word' id='word_1_186' title='bbox 76 1640 292 1671; x_wconf 76' lang='lat' dir='ltr'><strong>habendarum</strong></span> <span class='ocrx_word' id='word_1_187' title='bbox 309 1642 349 1671; x_wconf 89' lang='lat' dir='ltr'><strong>ad</strong></span> <span class='ocrx_word' id='word_1_188' title='bbox 370 1642 565 1673; x_wconf 83' lang='lat' dir='ltr'><strong>meilificium</strong></span> <span class='ocrx_word' id='word_1_189' title='bbox 583 1645 640 1680; x_wconf 81' lang='lat' dir='ltr'><strong>sit;</strong></span> 
     </span>
     <span class='ocr_line' id='line_1_35' title="bbox 76 1688 642 1729; baseline 0.009 -14"><span class='ocrx_word' id='word_1_190' title='bbox 76 1697 134 1726; x_wconf 89' lang='lat' dir='ltr'><strong>pro</strong></span> <span class='ocrx_word' id='word_1_191' title='bbox 153 1698 228 1716; x_wconf 84' lang='lat' dir='ltr'><strong>cura</strong></span> <span class='ocrx_word' id='word_1_192' title='bbox 246 1688 413 1726; x_wconf 81' lang='lat' dir='ltr'><strong>subjunxit</strong></span> <span class='ocrx_word' id='word_1_193' title='bbox 430 1689 517 1719; x_wconf 84' lang='lat' dir='ltr'><strong>aliud</strong></span> <span class='ocrx_word' id='word_1_194' title='bbox 528 1711 536 1726; x_wconf 89' lang='lat'><strong><em>‚</em></strong></span> <span class='ocrx_word' id='word_1_195' title='bbox 555 1691 642 1729; x_wconf 88' lang='lat' dir='ltr'><strong>quod</strong></span> 
     </span>
     <span class='ocr_line' id='line_1_36' title="bbox 77 1733 640 1773; baseline 0.007 -12"><span class='ocrx_word' id='word_1_196' title='bbox 77 1743 172 1772; x_wconf 87' lang='lat' dir='ltr'><strong>apum</strong></span> <span class='ocrx_word' id='word_1_197' title='bbox 187 1733 287 1763; x_wconf 83' lang='lat' dir='ltr'><strong>cultui</strong></span> <span class='ocrx_word' id='word_1_198' title='bbox 300 1735 538 1765; x_wconf 80' lang='lat' dir='ltr'><strong>accomodatum</strong></span> <span class='ocrx_word' id='word_1_199' title='bbox 552 1743 640 1773; x_wconf 85' lang='lat' dir='ltr'><strong>esset,</strong></span> 
     </span>
     <span class='ocr_line' id='line_1_37' title="bbox 77 1779 641 1821; baseline 0.009 -14"><span class='ocrx_word' id='word_1_200' title='bbox 77 1779 307 1818; x_wconf 73' lang='lat' dir='ltr'><em>experientiam</em></span> <span class='ocrx_word' id='word_1_201' title='bbox 321 1787 351 1809; x_wconf 85' lang='lat' dir='ltr'><strong>et</strong></span> <span class='ocrx_word' id='word_1_202' title='bbox 364 1791 457 1810; x_wconf 89' lang='lat' dir='ltr'><strong>usum</strong></span> <span class='ocrx_word' id='word_1_203' title='bbox 467 1803 475 1818; x_wconf 90' lang='lat'>‚</span> <span class='ocrx_word' id='word_1_204' title='bbox 489 1792 554 1821; x_wconf 91' lang='lat' dir='ltr'><strong>quo</strong></span> <span class='ocrx_word' id='word_1_205' title='bbox 567 1782 641 1811; x_wconf 87' lang='lat' dir='ltr'><strong>mel-</strong></span> 
     </span>
     <span class='ocr_line' id='line_1_38' title="bbox 76 1822 639 1858; baseline 0.009 -5"><span class='ocrx_word' id='word_1_206' title='bbox 76 1822 255 1855; x_wconf 81' lang='lat' dir='ltr'><strong>lificationis</strong></span> <span class='ocrx_word' id='word_1_207' title='bbox 270 1827 350 1856; x_wconf 85' lang='lat' dir='ltr'><strong>ratio</strong></span> <span class='ocrx_word' id='word_1_208' title='bbox 366 1827 492 1856; x_wconf 78' lang='lat' dir='ltr'><strong>exculta</strong></span> <span class='ocrx_word' id='word_1_209' title='bbox 507 1834 562 1858; x_wconf 89' lang='lat' dir='ltr'><strong>est.</strong></span> <span class='ocrx_word' id='word_1_210' title='bbox 583 1829 639 1858; x_wconf 88' lang='lat' dir='ltr'><strong>Ge.</strong></span> 
     </span>
     <span class='ocr_line' id='line_1_39' title="bbox 77 1871 640 1912; baseline 0.009 -14"><span class='ocrx_word' id='word_1_211' title='bbox 77 1871 138 1905; x_wconf 86' lang='lat' dir='ltr'><strong>IV,</strong></span> <span class='ocrx_word' id='word_1_212' title='bbox 157 1871 238 1906; x_wconf 84' lang='lat'>315,</span> <span class='ocrx_word' id='word_1_213' title='bbox 259 1872 322 1900; x_wconf 81' lang='lat'><strong>316</strong></span> <span class='ocrx_word' id='word_1_214' title='bbox 345 1873 420 1912; x_wconf 75' lang='lat' dir='ltr'><strong>Quis</strong></span> <span class='ocrx_word' id='word_1_215' title='bbox 435 1873 510 1902; x_wconf 83' lang='lat' dir='ltr'><strong>deus</strong></span> <span class='ocrx_word' id='word_1_216' title='bbox 532 1873 616 1903; x_wconf 76' lang='lat' dir='ltr'><strong>hanc</strong></span> <span class='ocrx_word' id='word_1_217' title='bbox 631 1897 640 1910; x_wconf 91' lang='lat'>‚</span> 
     </span>
     <span class='ocr_line' id='line_1_40' title="bbox 78 1916 641 1956; baseline 0.009 -13"><span class='ocrx_word' id='word_1_218' title='bbox 78 1916 187 1951; x_wconf 60' lang='lat' dir='ltr'><strong>Musae,</strong></span> <span class='ocrx_word' id='word_1_219' title='bbox 206 1916 275 1956; x_wconf 78' lang='lat' dir='ltr'><strong>quis</strong></span> <span class='ocrx_word' id='word_1_220' title='bbox 290 1918 377 1946; x_wconf 77' lang='lat' dir='ltr'><strong>nobis</strong></span> <span class='ocrx_word' id='word_1_221' title='bbox 389 1918 514 1948; x_wconf 74' lang='lat' dir='ltr'><strong>extudit</strong></span> <span class='ocrx_word' id='word_1_222' title='bbox 524 1921 641 1949; x_wconf 85' lang='lat' dir='ltr'><strong>artem?</strong></span> 
     </span>
     <span class='ocr_line' id='line_1_41' title="bbox 82 1961 641 2004; baseline 0.007 -15"><span class='ocrx_word' id='word_1_223' title='bbox 82 1961 172 1990; x_wconf 79' lang='lat' dir='ltr'><strong>Unde</strong></span> <span class='ocrx_word' id='word_1_224' title='bbox 199 1972 279 1991; x_wconf 80' lang='lat' dir='ltr'><strong>nova</strong></span> <span class='ocrx_word' id='word_1_225' title='bbox 302 1962 457 2004; x_wconf 79' lang='lat' dir='ltr'><strong>ingressus</strong></span> <span class='ocrx_word' id='word_1_226' title='bbox 480 1963 641 1994; x_wconf 74' lang='lat' dir='ltr'><strong>homimem</strong></span> 
     </span>
     <span class='ocr_line' id='line_1_42' title="bbox 77 2007 642 2050; baseline 0.007 -15"><span class='ocrx_word' id='word_1_227' title='bbox 77 2007 269 2046; x_wconf 83' lang='lat' dir='ltr'><strong>experientia</strong></span> <span class='ocrx_word' id='word_1_228' title='bbox 295 2009 378 2048; x_wconf 83' lang='lat' dir='ltr'><em>cepit</em></span> <span class='ocrx_word' id='word_1_229' title='bbox 394 2012 411 2038; x_wconf 66' lang='lat' dir='ltr'><strong>e’</strong></span> <span class='ocrx_word' id='word_1_230' title='bbox 445 2010 525 2039; x_wconf 87' lang='lat' dir='ltr'><strong>Nam</strong></span> <span class='ocrx_word' id='word_1_231' title='bbox 549 2020 642 2050; x_wconf 90' lang='lat' dir='ltr'><strong>apum</strong></span> 
     </span>
     <span class='ocr_line' id='line_1_43' title="bbox 77 2054 642 2094; baseline 0.004 -12"><span class='ocrx_word' id='word_1_232' title='bbox 77 2054 286 2092; x_wconf 81' lang='lat' dir='ltr'><strong>experientia,</strong></span> <span class='ocrx_word' id='word_1_233' title='bbox 304 2055 361 2083; x_wconf 88' lang='lat' dir='ltr'><strong>etsi</strong></span> <span class='ocrx_word' id='word_1_234' title='bbox 374 2055 412 2083; x_wconf 84' lang='lat' dir='ltr'><strong>iis</strong></span> <span class='ocrx_word' id='word_1_235' title='bbox 427 2054 530 2094; x_wconf 81' lang='lat' dir='ltr'><strong>aliqua</strong></span> <span class='ocrx_word' id='word_1_236' title='bbox 546 2056 642 2085; x_wconf 84' lang='lat' dir='ltr'><strong>tribui</strong></span> 
     </span>
     <span class='ocr_line' id='line_1_44' title="bbox 76 2100 642 2140; baseline 0.005 -13"><span class='ocrx_word' id='word_1_237' title='bbox 76 2105 196 2139; x_wconf 87' lang='lat' dir='ltr'><strong>potest,</strong></span> <span class='ocrx_word' id='word_1_238' title='bbox 218 2110 248 2130; x_wconf 76' lang='lat' dir='ltr'><strong>v,</strong></span> <span class='ocrx_word' id='word_1_239' title='bbox 265 2100 322 2130; x_wconf 83' lang='lat' dir='ltr'><strong>inf.</strong></span> <span class='ocrx_word' id='word_1_240' title='bbox 341 2102 396 2137; x_wconf 76' lang='grc' dir='ltr'><strong>Π,</strong></span> <span class='ocrx_word' id='word_1_241' title='bbox 417 2101 479 2130; x_wconf 83' lang='grc'>156</span> <span class='ocrx_word' id='word_1_242' title='bbox 494 2111 540 2140; x_wconf 88' lang='lat' dir='ltr'><strong>sq.</strong></span> <span class='ocrx_word' id='word_1_243' title='bbox 554 2123 562 2137; x_wconf 91' lang='lat'>,</span> <span class='ocrx_word' id='word_1_244' title='bbox 577 2101 642 2130; x_wconf 93' lang='lat' dir='ltr'><strong>huc</strong></span> 
     </span>
     <span class='ocr_line' id='line_1_45' title="bbox 76 2146 644 2188; baseline 0.005 -14"><span class='ocrx_word' id='word_1_245' title='bbox 76 2146 183 2175; x_wconf 85' lang='lat' dir='ltr'><strong>vocari</strong></span> <span class='ocrx_word' id='word_1_246' title='bbox 200 2147 319 2186; x_wconf 86' lang='lat' dir='ltr'><strong>nequit.</strong></span> <span class='ocrx_word' id='word_1_247' title='bbox 330 2163 376 2169; x_wconf 80' lang='lat'><strong>—-</strong></span> <span class='ocrx_word' id='word_1_248' title='bbox 388 2146 416 2176; x_wconf 83' lang='lat'><strong>5.</strong></span> <span class='ocrx_word' id='word_1_249' title='bbox 446 2146 548 2184; x_wconf 82' lang='lat' dir='ltr'><strong>Hinc,</strong></span> <span class='ocrx_word' id='word_1_250' title='bbox 572 2154 644 2188; x_wconf 88' lang='lat' dir='ltr'><strong>post</strong></span> 
     </span>
    </p>
   </div>
   <div class='ocr_carea' id='block_1_5' title="bbox 694 364 1272 2182">
    <p class='ocr_par' dir='ltr' id='par_1_5' title="bbox 706 364 1272 622">
     <span class='ocr_line' id='line_1_46' title="bbox 707 364 1272 402; baseline -0.002 -7"><span class='ocrx_word' id='word_1_251' title='bbox 707 365 869 402; x_wconf 86' lang='lat' dir='ltr'><strong>Bucolica,</strong></span> <span class='ocrx_word' id='word_1_252' title='bbox 880 364 978 395; x_wconf 76' lang='lat' dir='ltr'><strong>ajunt.</strong></span> <span class='ocrx_word' id='word_1_253' title='bbox 995 366 1133 395; x_wconf 86' lang='lat' dir='ltr'><strong>Omnino</strong></span> <span class='ocrx_word' id='word_1_254' title='bbox 1146 365 1272 394; x_wconf 82' lang='lat' dir='ltr'><strong>initium</strong></span> 
     </span>
     <span class='ocr_line' id='line_1_47' title="bbox 707 410 1271 450; baseline -0.002 -10"><span class='ocrx_word' id='word_1_255' title='bbox 707 411 865 450; x_wconf 80' lang='lat' dir='ltr'><strong>designat3</strong></span> <span class='ocrx_word' id='word_1_256' title='bbox 886 417 922 438; x_wconf 88' lang='lat' dir='ltr'><strong>ut</strong></span> <span class='ocrx_word' id='word_1_257' title='bbox 936 410 1008 439; x_wconf 79' lang='lat' dir='ltr'><strong>alias</strong></span> <span class='ocrx_word' id='word_1_258' title='bbox 1025 421 1118 440; x_wconf 78' lang='lat' dir='ltr'><strong>nunc.</strong></span> <span class='ocrx_word' id='word_1_259' title='bbox 1134 412 1213 450; x_wconf 79' lang='lat' dir='ltr'><strong>Quae</strong></span> <span class='ocrx_word' id='word_1_260' title='bbox 1226 421 1271 440; x_wconf 89' lang='lat' dir='ltr'><strong>se-</strong></span> 
     </span>
     <span class='ocr_line' id='line_1_48' title="bbox 706 456 1270 496; baseline 0.002 -11"><span class='ocrx_word' id='word_1_261' title='bbox 706 458 815 496; x_wconf 82' lang='lat' dir='ltr'><strong>quitur</strong></span> <span class='ocrx_word' id='word_1_262' title='bbox 833 466 932 495; x_wconf 82' lang='lat' dir='ltr'><strong>usque</strong></span> <span class='ocrx_word' id='word_1_263' title='bbox 949 456 989 485; x_wconf 88' lang='lat' dir='ltr'><strong>ad</strong></span> <span class='ocrx_word' id='word_1_264' title='bbox 1007 467 1052 486; x_wconf 81' lang='lat' dir='ltr'><strong>vs.</strong></span> <span class='ocrx_word' id='word_1_265' title='bbox 1070 456 1123 492; x_wconf 75' lang='lat'><strong>45,</strong></span> <span class='ocrx_word' id='word_1_266' title='bbox 1141 457 1270 486; x_wconf 82' lang='lat' dir='ltr'><strong>Invoca-</strong></span> 
     </span>
     <span class='ocr_line' id='line_1_49' title="bbox 706 501 1269 540; baseline 0 -10"><span class='ocrx_word' id='word_1_267' title='bbox 706 503 768 539; x_wconf 89' lang='lat' dir='ltr'><strong>tio,</strong></span> <span class='ocrx_word' id='word_1_268' title='bbox 786 508 831 531; x_wconf 89' lang='lat' dir='ltr'><strong>est</strong></span> <span class='ocrx_word' id='word_1_269' title='bbox 851 501 936 530; x_wconf 89' lang='lat' dir='ltr'><strong>haud</strong></span> <span class='ocrx_word' id='word_1_270' title='bbox 958 502 1054 531; x_wconf 86' lang='lat' dir='ltr'><strong>dubie</strong></span> <span class='ocrx_word' id='word_1_271' title='bbox 1072 503 1154 530; x_wconf 87' lang='lat' dir='ltr'><strong>inter</strong></span> <span class='ocrx_word' id='word_1_272' title='bbox 1168 510 1269 540; x_wconf 82' lang='lat' dir='ltr'><strong>partes</strong></span> 
     </span>
     <span class='ocr_line' id='line_1_50' title="bbox 706 548 1269 587; baseline 0 -11"><span class='ocrx_word' id='word_1_273' title='bbox 706 548 850 576; x_wconf 85' lang='lat' dir='ltr'><strong>carminis</strong></span> <span class='ocrx_word' id='word_1_274' title='bbox 872 548 1080 576; x_wconf 83' lang='lat' dir='ltr'><strong>ornatissimas</strong></span> <span class='ocrx_word' id='word_1_275' title='bbox 1108 558 1142 576; x_wconf 87' lang='lat' dir='ltr'><strong>ac</strong></span> <span class='ocrx_word' id='word_1_276' title='bbox 1166 548 1269 587; x_wconf 86' lang='lat' dir='ltr'><strong>splen-</strong></span> 
     </span>
     <span class='ocr_line' id='line_1_51' title="bbox 706 594 890 622; baseline -0.005 0"><span class='ocrx_word' id='word_1_277' title='bbox 706 594 890 622; x_wconf 82' lang='lat' dir='ltr'><strong>didissimas.</strong></span> 
     </span>
    </p>

    <p class='ocr_par' dir='ltr' id='par_1_6' title="bbox 694 638 1269 2182">
     <span class='ocr_line' id='line_1_52' title="bbox 754 638 1269 678; baseline -0.002 -10"><span class='ocrx_word' id='word_1_278' title='bbox 754 640 783 668; x_wconf 89' lang='lat'><strong>5.</strong></span> <span class='ocrx_word' id='word_1_279' title='bbox 797 639 826 668; x_wconf 88' lang='lat'><strong>6.</strong></span> <span class='ocrx_word' id='word_1_280' title='bbox 846 638 1017 668; x_wconf 78' lang='lat' dir='ltr'><strong>Labentem</strong></span> <span class='ocrx_word' id='word_1_281' title='bbox 1034 639 1111 668; x_wconf 78' lang='lat' dir='ltr'><strong>coelo</strong></span> <span class='ocrx_word' id='word_1_282' title='bbox 1126 649 1196 678; x_wconf 76' lang='lat' dir='ltr'><strong>quce</strong></span> <span class='ocrx_word' id='word_1_283' title='bbox 1214 639 1269 667; x_wconf 78' lang='lat' dir='ltr'><strong>du-</strong></span> 
     </span>
     <span class='ocr_line' id='line_1_53' title="bbox 706 683 1267 724; baseline 0 -11"><span class='ocrx_word' id='word_1_284' title='bbox 706 684 774 713; x_wconf 81' lang='lat' dir='ltr'><strong>citis</strong></span> <span class='ocrx_word' id='word_1_285' title='bbox 790 695 910 713; x_wconf 83' lang='lat' dir='ltr'><strong>annum</strong></span> <span class='ocrx_word' id='word_1_286' title='bbox 926 695 936 713; x_wconf 88' lang='lat'><em>:</em></span> <span class='ocrx_word' id='word_1_287' title='bbox 950 684 982 714; x_wconf 90' lang='lat' dir='ltr'><strong>h.</strong></span> <span class='ocrx_word' id='word_1_288' title='bbox 1001 694 1137 724; x_wconf 86' lang='lat' dir='ltr'><strong>quorum</strong></span> <span class='ocrx_word' id='word_1_289' title='bbox 1159 683 1267 713; x_wconf 85' lang='lat' dir='ltr'><strong>decur-</strong></span> 
     </span>
     <span class='ocr_line' id='line_1_54' title="bbox 704 729 1268 768; baseline 0 -10"><span class='ocrx_word' id='word_1_290' title='bbox 704 740 742 758; x_wconf 85' lang='lat' dir='ltr'><strong>su</strong></span> <span class='ocrx_word' id='word_1_291' title='bbox 756 736 894 768; x_wconf 84' lang='lat' dir='ltr'><strong>tempora</strong></span> <span class='ocrx_word' id='word_1_292' title='bbox 907 731 982 758; x_wconf 85' lang='lat' dir='ltr'><strong>anni</strong></span> <span class='ocrx_word' id='word_1_293' title='bbox 998 729 1191 759; x_wconf 85' lang='lat' dir='ltr'><strong>efficiuntur.</strong></span> <span class='ocrx_word' id='word_1_294' title='bbox 1206 731 1268 760; x_wconf 86' lang='lat' dir='ltr'><strong>Ha—</strong></span> 
     </span>
     <span class='ocr_line' id='line_1_55' title="bbox 705 775 1268 804; baseline 0.002 -1"><span class='ocrx_word' id='word_1_295' title='bbox 705 775 775 803; x_wconf 88' lang='lat' dir='ltr'><strong>buit</strong></span> <span class='ocrx_word' id='word_1_296' title='bbox 792 781 863 803; x_wconf 88' lang='lat' dir='ltr'><strong>ante</strong></span> <span class='ocrx_word' id='word_1_297' title='bbox 877 775 986 804; x_wconf 88' lang='lat' dir='ltr'><strong>oculos</strong></span> <span class='ocrx_word' id='word_1_298' title='bbox 1005 786 1112 804; x_wconf 82' lang='lat' dir='ltr'><strong>versus</strong></span> <span class='ocrx_word' id='word_1_299' title='bbox 1132 777 1268 804; x_wconf 82' lang='lat' dir='ltr'><strong>Lucretii</strong></span> 
     </span>
     <span class='ocr_line' id='line_1_56' title="bbox 703 820 1264 855; baseline 0 -7"><span class='ocrx_word' id='word_1_300' title='bbox 703 821 742 854; x_wconf 87' lang='lat' dir='ltr'><strong>V,</strong></span> <span class='ocrx_word' id='word_1_301' title='bbox 759 820 991 854; x_wconf 73' lang='lat'>1435—1438.</span> <span class='ocrx_word' id='word_1_302' title='bbox 1009 820 1119 849; x_wconf 83' lang='lat' dir='ltr'><strong>Sidera</strong></span> <span class='ocrx_word' id='word_1_303' title='bbox 1132 831 1264 855; x_wconf 65' lang='lat' dir='ltr'><strong>anteum,</strong></span> 
     </span>
     <span class='ocr_line' id='line_1_57' title="bbox 703 865 1267 904; baseline 0.004 -11"><span class='ocrx_word' id='word_1_304' title='bbox 703 865 830 904; x_wconf 76' lang='lat' dir='ltr'><strong>ejusque</strong></span> <span class='ocrx_word' id='word_1_305' title='bbox 853 872 1013 904; x_wconf 80' lang='lat' dir='ltr'><strong>tempora,</strong></span> <span class='ocrx_word' id='word_1_306' title='bbox 1038 865 1267 895; x_wconf 79' lang='lat' dir='ltr'><strong>vicissitudines</strong></span> 
     </span>
     <span class='ocr_line' id='line_1_58' title="bbox 703 910 1269 950; baseline 0.004 -11"><span class='ocrx_word' id='word_1_307' title='bbox 703 920 738 939; x_wconf 87' lang='lat' dir='ltr'><strong>ac</strong></span> <span class='ocrx_word' id='word_1_308' title='bbox 756 917 874 950; x_wconf 86' lang='lat' dir='ltr'><strong>partes,</strong></span> <span class='ocrx_word' id='word_1_309' title='bbox 895 910 1028 946; x_wconf 85' lang='lat' dir='ltr'><strong>ducere,</strong></span> <span class='ocrx_word' id='word_1_310' title='bbox 1054 918 1202 950; x_wconf 88' lang='lat' dir='ltr'><strong>tauquam</strong></span> <span class='ocrx_word' id='word_1_311' title='bbox 1224 922 1269 941; x_wconf 87' lang='lat' dir='ltr'><strong>re-</strong></span> 
     </span>
     <span class='ocr_line' id='line_1_59' title="bbox 702 957 1266 995; baseline 0.004 -10"><span class='ocrx_word' id='word_1_312' title='bbox 702 963 777 995; x_wconf 86' lang='lat' dir='ltr'><strong>gant</strong></span> <span class='ocrx_word' id='word_1_313' title='bbox 789 964 819 987; x_wconf 84' lang='lat' dir='ltr'><strong>et</strong></span> <span class='ocrx_word' id='word_1_314' title='bbox 831 957 1045 993; x_wconf 86' lang='lat' dir='ltr'><strong>moderentur,</strong></span> <span class='ocrx_word' id='word_1_315' title='bbox 1058 957 1198 987; x_wconf 86' lang='lat' dir='ltr'><strong>sollenne</strong></span> <span class='ocrx_word' id='word_1_316' title='bbox 1212 966 1266 987; x_wconf 80' lang='lat' dir='ltr'><strong>est.</strong></span> 
     </span>
     <span class='ocr_line' id='line_1_60' title="bbox 702 1003 1267 1042; baseline 0.004 -12"><span class='ocrx_word' id='word_1_317' title='bbox 702 1003 785 1032; x_wconf 85' lang='lat' dir='ltr'><strong>conf.</strong></span> <span class='ocrx_word' id='word_1_318' title='bbox 823 1004 930 1033; x_wconf 88' lang='lat' dir='ltr'><strong>Burm.</strong></span> <span class='ocrx_word' id='word_1_319' title='bbox 963 1004 1088 1033; x_wconf 82' lang='lat' dir='ltr'><strong>Scilicet</strong></span> <span class='ocrx_word' id='word_1_320' title='bbox 1117 1005 1267 1042; x_wconf 89' lang='lat' dir='ltr'><strong>quoniam</strong></span> 
     </span>
     <span class='ocr_line' id='line_1_61' title="bbox 702 1048 1267 1079; baseline 0.002 -2"><span class='ocrx_word' id='word_1_321' title='bbox 702 1055 773 1077; x_wconf 86' lang='lat' dir='ltr'><strong>ortu</strong></span> <span class='ocrx_word' id='word_1_322' title='bbox 796 1048 849 1078; x_wconf 84' lang='lat' dir='ltr'><strong>illa</strong></span> <span class='ocrx_word' id='word_1_323' title='bbox 873 1056 903 1078; x_wconf 89' lang='lat' dir='ltr'><strong>et</strong></span> <span class='ocrx_word' id='word_1_324' title='bbox 921 1059 1036 1078; x_wconf 86' lang='lat' dir='ltr'><strong>occasu</strong></span> <span class='ocrx_word' id='word_1_325' title='bbox 1050 1059 1108 1078; x_wconf 86' lang='lat' dir='ltr'><strong>suo</strong></span> <span class='ocrx_word' id='word_1_326' title='bbox 1127 1050 1210 1078; x_wconf 80' lang='lat' dir='ltr'><strong>vices</strong></span> <span class='ocrx_word' id='word_1_327' title='bbox 1229 1050 1267 1079; x_wconf 89' lang='lat' dir='ltr'><strong>is-</strong></span> 
     </span>
     <span class='ocr_line' id='line_1_62' title="bbox 701 1095 1267 1135; baseline 0.004 -13"><span class='ocrx_word' id='word_1_328' title='bbox 701 1100 745 1122; x_wconf 84' lang='lat' dir='ltr'><strong>tas</strong></span> <span class='ocrx_word' id='word_1_329' title='bbox 763 1100 940 1134; x_wconf 84' lang='lat' dir='ltr'><strong>temporum</strong></span> <span class='ocrx_word' id='word_1_330' title='bbox 965 1095 1139 1135; x_wconf 84' lang='lat' dir='ltr'><strong>designant.</strong></span> <span class='ocrx_word' id='word_1_331' title='bbox 1164 1096 1267 1135; x_wconf 88' lang='lat' dir='ltr'><strong>Argu—</strong></span> 
     </span>
     <span class='ocr_line' id='line_1_63' title="bbox 701 1141 1267 1180; baseline 0.004 -12"><span class='ocrx_word' id='word_1_332' title='bbox 701 1146 784 1168; x_wconf 85' lang='lat' dir='ltr'><strong>tatnr</strong></span> <span class='ocrx_word' id='word_1_333' title='bbox 810 1141 955 1170; x_wconf 87' lang='lat' dir='ltr'><strong>Macrob.</strong></span> <span class='ocrx_word' id='word_1_334' title='bbox 975 1142 1009 1177; x_wconf 86' lang='lat'><strong>1,</strong></span> <span class='ocrx_word' id='word_1_335' title='bbox 1031 1142 1069 1170; x_wconf 88' lang='lat'><strong>16</strong></span> <span class='ocrx_word' id='word_1_336' title='bbox 1085 1147 1185 1177; x_wconf 59' lang='lat' dir='ltr'><strong>extu,</strong></span> <span class='ocrx_word' id='word_1_337' title='bbox 1213 1143 1267 1180; x_wconf 86' lang='lat' dir='ltr'><strong>qui</strong></span> 
     </span>
     <span class='ocr_line' id='line_1_64' title="bbox 700 1186 1265 1216; baseline 0.004 -2"><span class='ocrx_word' id='word_1_338' title='bbox 700 1192 835 1215; x_wconf 83' lang='lat' dir='ltr'><strong>veterem</strong></span> <span class='ocrx_word' id='word_1_339' title='bbox 850 1186 993 1216; x_wconf 85' lang='lat' dir='ltr'><strong>lunarem</strong></span> <span class='ocrx_word' id='word_1_340' title='bbox 1009 1194 1039 1215; x_wconf 91' lang='lat' dir='ltr'><strong>et</strong></span> <span class='ocrx_word' id='word_1_341' title='bbox 1054 1197 1174 1216; x_wconf 79' lang='lat' dir='ltr'><strong>novum</strong></span> <span class='ocrx_word' id='word_1_342' title='bbox 1189 1187 1265 1216; x_wconf 82' lang='lat' dir='ltr'><strong>sola-</strong></span> 
     </span>
     <span class='ocr_line' id='line_1_65' title="bbox 701 1231 1265 1262; baseline 0.002 -2"><span class='ocrx_word' id='word_1_343' title='bbox 701 1242 765 1260; x_wconf 83' lang='lat' dir='ltr'><strong>rem</strong></span> <span class='ocrx_word' id='word_1_344' title='bbox 775 1231 925 1260; x_wconf 82' lang='lat' dir='ltr'><strong>declarari</strong></span> <span class='ocrx_word' id='word_1_345' title='bbox 935 1232 1014 1262; x_wconf 89' lang='lat' dir='ltr'><strong>vult.</strong></span> <span class='ocrx_word' id='word_1_346' title='bbox 1027 1234 1155 1262; x_wconf 80' lang='lat' dir='ltr'><strong>Ducunt</strong></span> <span class='ocrx_word' id='word_1_347' title='bbox 1163 1239 1265 1261; x_wconf 85' lang='lat' dir='ltr'><strong>autem</strong></span> 
     </span>
     <span class='ocr_line' id='line_1_66' title="bbox 700 1277 1263 1317; baseline 0.004 -12"><span class='ocrx_word' id='word_1_348' title='bbox 700 1287 821 1305; x_wconf 77' lang='lat' dir='ltr'><strong>ameum</strong></span> <span class='ocrx_word' id='word_1_349' title='bbox 835 1278 924 1311; x_wconf 80' lang='lat' dir='ltr'><strong>coelo,</strong></span> <span class='ocrx_word' id='word_1_350' title='bbox 942 1277 973 1306; x_wconf 92' lang='lat' dir='ltr'><strong>h.</strong></span> <span class='ocrx_word' id='word_1_351' title='bbox 991 1278 1025 1306; x_wconf 90' lang='lat' dir='ltr'><strong>in</strong></span> <span class='ocrx_word' id='word_1_352' title='bbox 1044 1278 1135 1313; x_wconf 79' lang='lat' dir='ltr'><strong>coelo,</strong></span> <span class='ocrx_word' id='word_1_353' title='bbox 1152 1279 1186 1306; x_wconf 88' lang='lat' dir='ltr'><strong>in</strong></span> <span class='ocrx_word' id='word_1_354' title='bbox 1200 1289 1263 1317; x_wconf 89' lang='lat' dir='ltr'><strong>quo</strong></span> 
     </span>
     <span class='ocr_line' id='line_1_67' title="bbox 698 1322 1264 1363; baseline 0.005 -13"><span class='ocrx_word' id='word_1_355' title='bbox 698 1323 765 1361; x_wconf 88' lang='lat' dir='ltr'><strong>ipsa</strong></span> <span class='ocrx_word' id='word_1_356' title='bbox 782 1323 930 1351; x_wconf 86' lang='lat' dir='ltr'><strong>oriuntur</strong></span> <span class='ocrx_word' id='word_1_357' title='bbox 943 1329 973 1351; x_wconf 89' lang='lat' dir='ltr'><strong>et</strong></span> <span class='ocrx_word' id='word_1_358' title='bbox 989 1322 1156 1359; x_wconf 82' lang='lat' dir='ltr'><strong>occidunt,</strong></span> <span class='ocrx_word' id='word_1_359' title='bbox 1167 1330 1197 1352; x_wconf 81' lang='lat' dir='ltr'><strong>et</strong></span> <span class='ocrx_word' id='word_1_360' title='bbox 1206 1335 1264 1363; x_wconf 91' lang='lat' dir='ltr'><strong>pro</strong></span> 
     </span>
     <span class='ocr_line' id='line_1_68' title="bbox 700 1367 1262 1398; baseline 0.004 -2"><span class='ocrx_word' id='word_1_361' title='bbox 700 1377 795 1396; x_wconf 85' lang='lat' dir='ltr'><strong>cursu</strong></span> <span class='ocrx_word' id='word_1_362' title='bbox 820 1368 894 1396; x_wconf 88' lang='lat' dir='ltr'><strong>anni</strong></span> <span class='ocrx_word' id='word_1_363' title='bbox 920 1367 1001 1397; x_wconf 76' lang='lat' dir='ltr'><strong>dixit</strong></span> <span class='ocrx_word' id='word_1_364' title='bbox 1017 1379 1137 1397; x_wconf 79' lang='lat' dir='ltr'><strong>annum</strong></span> <span class='ocrx_word' id='word_1_365' title='bbox 1155 1369 1262 1398; x_wconf 81' lang='lat' dir='ltr'><strong>laben-</strong></span> 
     </span>
     <span class='ocr_line' id='line_1_69' title="bbox 699 1413 1264 1454; baseline 0.007 -13"><span class='ocrx_word' id='word_1_366' title='bbox 699 1419 760 1441; x_wconf 80' lang='lat' dir='ltr'><strong>tem</strong></span> <span class='ocrx_word' id='word_1_367' title='bbox 775 1435 784 1448; x_wconf 90' lang='lat'><strong><em>,</em></strong></span> <span class='ocrx_word' id='word_1_368' title='bbox 814 1413 1054 1452; x_wconf 76' lang='lat' dir='ltr'><strong>procedentem3</strong></span> <span class='ocrx_word' id='word_1_369' title='bbox 1082 1414 1169 1453; x_wconf 86' lang='lat' dir='ltr'><strong>quod</strong></span> <span class='ocrx_word' id='word_1_370' title='bbox 1191 1425 1264 1454; x_wconf 89' lang='lat' dir='ltr'><strong>pro-</strong></span> 
     </span>
     <span class='ocr_line' id='line_1_70' title="bbox 698 1459 1263 1499; baseline 0.004 -12"><span class='ocrx_word' id='word_1_371' title='bbox 698 1459 804 1497; x_wconf 84' lang='lat' dir='ltr'><strong>prium</strong></span> <span class='ocrx_word' id='word_1_372' title='bbox 822 1459 861 1488; x_wconf 81' lang='lat' dir='ltr'><strong>de</strong></span> <span class='ocrx_word' id='word_1_373' title='bbox 878 1460 1026 1499; x_wconf 85' lang='lat' dir='ltr'><strong>temporis</strong></span> <span class='ocrx_word' id='word_1_374' title='bbox 1043 1459 1116 1499; x_wconf 82' lang='lat' dir='ltr'><strong>fuga</strong></span> <span class='ocrx_word' id='word_1_375' title='bbox 1134 1470 1190 1489; x_wconf 89' lang='lat' dir='ltr'><strong>seu</strong></span> <span class='ocrx_word' id='word_1_376' title='bbox 1211 1461 1263 1490; x_wconf 90' lang='lat' dir='ltr'><strong>de-</strong></span> 
     </span>
     <span class='ocr_line' id='line_1_71' title="bbox 699 1507 1263 1544; baseline 0.004 -11"><span class='ocrx_word' id='word_1_377' title='bbox 699 1515 795 1534; x_wconf 66' lang='lat' dir='ltr'><strong>cursu</strong></span> <span class='ocrx_word' id='word_1_378' title='bbox 821 1512 875 1534; x_wconf 87' lang='lat' dir='ltr'><strong>est.</strong></span> <span class='ocrx_word' id='word_1_379' title='bbox 901 1507 939 1534; x_wconf 92' lang='lat' dir='ltr'><strong>In</strong></span> <span class='ocrx_word' id='word_1_380' title='bbox 965 1516 1049 1544; x_wconf 88' lang='lat' dir='ltr'><strong>seqq.</strong></span> <span class='ocrx_word' id='word_1_381' title='bbox 1076 1507 1195 1534; x_wconf 82' lang='lat' dir='ltr'><strong>incerta</strong></span> <span class='ocrx_word' id='word_1_382' title='bbox 1218 1514 1263 1536; x_wconf 84' lang='lat' dir='ltr'><strong>est</strong></span> 
     </span>
     <span class='ocr_line' id='line_1_72' title="bbox 698 1551 1263 1590; baseline 0.002 -11"><span class='ocrx_word' id='word_1_383' title='bbox 698 1551 912 1590; x_wconf 76' lang='lat' dir='ltr'><strong>interpretatIO</strong></span> <span class='ocrx_word' id='word_1_384' title='bbox 933 1560 941 1581; x_wconf 73' lang='grc' dir='ltr'><strong><em>ε</em></strong></span> <span class='ocrx_word' id='word_1_385' title='bbox 961 1552 1064 1580; x_wconf 86' lang='lat' dir='ltr'><strong>sintne</strong></span> <span class='ocrx_word' id='word_1_386' title='bbox 1079 1551 1202 1580; x_wconf 83' lang='lat' dir='ltr'><strong>lumina</strong></span> <span class='ocrx_word' id='word_1_387' title='bbox 1217 1571 1263 1574; x_wconf 86' lang='lat'><strong>—-</strong></span> 
     </span>
     <span class='ocr_line' id='line_1_73' title="bbox 697 1596 1262 1637; baseline 0.005 -12"><span class='ocrx_word' id='word_1_388' title='bbox 697 1596 791 1625; x_wconf 79' lang='lat' dir='ltr'><strong>Liber</strong></span> <span class='ocrx_word' id='word_1_389' title='bbox 803 1604 835 1626; x_wconf 80' lang='lat' dir='ltr'><strong>ec</strong></span> <span class='ocrx_word' id='word_1_390' title='bbox 853 1597 941 1626; x_wconf 84' lang='lat' dir='ltr'><strong>alma</strong></span> <span class='ocrx_word' id='word_1_391' title='bbox 964 1597 1055 1626; x_wconf 77' lang='lat' dir='ltr'><strong>Ceres</strong></span> <span class='ocrx_word' id='word_1_392' title='bbox 1076 1607 1133 1636; x_wconf 86' lang='lat' dir='ltr'><strong>per</strong></span> <span class='ocrx_word' id='word_1_393' title='bbox 1151 1608 1262 1637; x_wconf 84' lang='lat' dir='ltr'><strong>epexe-</strong></span> 
     </span>
     <span class='ocr_line' id='line_1_74' title="bbox 696 1642 1262 1681; baseline 0.004 -10"><span class='ocrx_word' id='word_1_394' title='bbox 696 1643 782 1681; x_wconf 84' lang='lat' dir='ltr'><strong>gesin</strong></span> <span class='ocrx_word' id='word_1_395' title='bbox 795 1642 879 1672; x_wconf 86' lang='lat' dir='ltr'><strong>dicta</strong></span> <span class='ocrx_word' id='word_1_396' title='bbox 893 1649 923 1672; x_wconf 88' lang='lat' dir='ltr'><strong>et</strong></span> <span class='ocrx_word' id='word_1_397' title='bbox 933 1643 1043 1680; x_wconf 81' lang='lat' dir='ltr'><strong>juncta</strong></span> <span class='ocrx_word' id='word_1_398' title='bbox 1054 1665 1062 1678; x_wconf 93' lang='lat'>‚</span> <span class='ocrx_word' id='word_1_399' title='bbox 1082 1653 1122 1672; x_wconf 87' lang='lat' dir='ltr'><strong>an</strong></span> <span class='ocrx_word' id='word_1_400' title='bbox 1136 1644 1198 1672; x_wconf 75' lang='lat' dir='ltr'><strong>sint</strong></span> <span class='ocrx_word' id='word_1_401' title='bbox 1216 1644 1262 1673; x_wconf 90' lang='lat' dir='ltr'><strong>di-</strong></span> 
     </span>
     <span class='ocr_line' id='line_1_75' title="bbox 695 1689 1260 1728; baseline 0.002 -11"><span class='ocrx_word' id='word_1_402' title='bbox 695 1698 791 1718; x_wconf 85' lang='lat' dir='ltr'><strong>versa.</strong></span> <span class='ocrx_word' id='word_1_403' title='bbox 814 1691 870 1718; x_wconf 86' lang='lat' dir='ltr'><strong>Est</strong></span> <span class='ocrx_word' id='word_1_404' title='bbox 898 1690 932 1718; x_wconf 91' lang='lat' dir='ltr'><strong>in</strong></span> <span class='ocrx_word' id='word_1_405' title='bbox 960 1695 1094 1728; x_wconf 85' lang='lat' dir='ltr'><strong>utraque</strong></span> <span class='ocrx_word' id='word_1_406' title='bbox 1118 1689 1239 1719; x_wconf 84' lang='lat' dir='ltr'><strong>ratione</strong></span> <span class='ocrx_word' id='word_1_407' title='bbox 1253 1712 1260 1725; x_wconf 85' lang='lat'>,</span> 
     </span>
     <span class='ocr_line' id='line_1_76' title="bbox 694 1734 1261 1773; baseline 0.002 -11"><span class='ocrx_word' id='word_1_408' title='bbox 694 1734 782 1773; x_wconf 86' lang='lat' dir='ltr'><strong>quod</strong></span> <span class='ocrx_word' id='word_1_409' title='bbox 796 1735 886 1773; x_wconf 83' lang='lat' dir='ltr'><strong>juvet</strong></span> <span class='ocrx_word' id='word_1_410' title='bbox 897 1757 904 1771; x_wconf 84' lang='lat'><strong>‚</strong></span> <span class='ocrx_word' id='word_1_411' title='bbox 923 1741 952 1763; x_wconf 93' lang='lat' dir='ltr'><strong>et</strong></span> <span class='ocrx_word' id='word_1_412' title='bbox 968 1734 1056 1773; x_wconf 88' lang='lat' dir='ltr'><strong>quod</strong></span> <span class='ocrx_word' id='word_1_413' title='bbox 1074 1741 1203 1773; x_wconf 85' lang='lat' dir='ltr'><strong>premat.</strong></span> <span class='ocrx_word' id='word_1_414' title='bbox 1229 1736 1261 1766; x_wconf 91' lang='lat' dir='ltr'><strong>Si</strong></span> 
     </span>
     <span class='ocr_line' id='line_1_77' title="bbox 695 1779 1262 1816; baseline 0 -7"><span class='ocrx_word' id='word_1_415' title='bbox 695 1780 818 1810; x_wconf 79' lang='lat' dir='ltr'><strong>diversa</strong></span> <span class='ocrx_word' id='word_1_416' title='bbox 840 1788 932 1816; x_wconf 84' lang='lat' dir='ltr'><strong>sunt,</strong></span> <span class='ocrx_word' id='word_1_417' title='bbox 960 1781 1003 1808; x_wconf 90' lang='lat' dir='ltr'><strong>ita</strong></span> <span class='ocrx_word' id='word_1_418' title='bbox 1021 1787 1057 1809; x_wconf 90' lang='lat' dir='ltr'><strong>ut</strong></span> <span class='ocrx_word' id='word_1_419' title='bbox 1074 1779 1196 1808; x_wconf 75' lang='lat' dir='ltr'><strong>lumina</strong></span> <span class='ocrx_word' id='word_1_420' title='bbox 1215 1781 1262 1809; x_wconf 86' lang='lat' dir='ltr'><strong>la-</strong></span> 
     </span>
     <span class='ocr_line' id='line_1_78' title="bbox 695 1825 1260 1865; baseline 0.002 -11"><span class='ocrx_word' id='word_1_421' title='bbox 695 1825 818 1856; x_wconf 79' lang='lat' dir='ltr'><strong>bentem</strong></span> <span class='ocrx_word' id='word_1_422' title='bbox 832 1827 909 1855; x_wconf 82' lang='lat' dir='ltr'><strong>coelo</strong></span> <span class='ocrx_word' id='word_1_423' title='bbox 922 1837 993 1865; x_wconf 78' lang='lat' dir='ltr'><strong>quce</strong></span> <span class='ocrx_word' id='word_1_424' title='bbox 1006 1825 1119 1854; x_wconf 74' lang='lat' dir='ltr'><strong>ducitis</strong></span> <span class='ocrx_word' id='word_1_425' title='bbox 1128 1836 1260 1862; x_wconf 80' lang='lat' dir='ltr'><strong>annum,</strong></span> 
     </span>
     <span class='ocr_line' id='line_1_79' title="bbox 695 1872 1262 1910; baseline 0.002 -10"><span class='ocrx_word' id='word_1_426' title='bbox 695 1873 758 1901; x_wconf 88' lang='lat' dir='ltr'><strong>sint</strong></span> <span class='ocrx_word' id='word_1_427' title='bbox 772 1872 826 1902; x_wconf 93' lang='lat' dir='ltr'><strong>Sol</strong></span> <span class='ocrx_word' id='word_1_428' title='bbox 844 1879 874 1901; x_wconf 93' lang='lat' dir='ltr'><strong>et</strong></span> <span class='ocrx_word' id='word_1_429' title='bbox 892 1874 998 1906; x_wconf 76' lang='lat' dir='ltr'><strong>Luna,</strong></span> <span class='ocrx_word' id='word_1_430' title='bbox 1016 1878 1113 1909; x_wconf 86' lang='lat' dir='ltr'><strong>utque</strong></span> <span class='ocrx_word' id='word_1_431' title='bbox 1129 1872 1262 1910; x_wconf 88' lang='lat' dir='ltr'><strong>subjun-</strong></span> 
     </span>
     <span class='ocr_line' id='line_1_80' title="bbox 696 1916 1264 1957; baseline 0 -11"><span class='ocrx_word' id='word_1_432' title='bbox 696 1924 810 1957; x_wconf 87' lang='lat' dir='ltr'><strong>gantur</strong></span> <span class='ocrx_word' id='word_1_433' title='bbox 821 1939 828 1953; x_wconf 87' lang='lat'><strong>‚</strong></span> <span class='ocrx_word' id='word_1_434' title='bbox 849 1924 996 1956; x_wconf 84' lang='lat' dir='ltr'><strong>tanquam</strong></span> <span class='ocrx_word' id='word_1_435' title='bbox 1013 1916 1150 1953; x_wconf 76' lang='lat' dir='ltr'><strong>diversa,</strong></span> <span class='ocrx_word' id='word_1_436' title='bbox 1172 1917 1264 1947; x_wconf 81' lang='lat' dir='ltr'><strong>Liber</strong></span> 
     </span>
     <span class='ocr_line' id='line_1_81' title="bbox 696 1963 1260 2003; baseline 0.004 -12"><span class='ocrx_word' id='word_1_437' title='bbox 696 1969 726 1991; x_wconf 86' lang='lat' dir='ltr'><strong>et</strong></span> <span class='ocrx_word' id='word_1_438' title='bbox 747 1963 859 1998; x_wconf 80' lang='lat' dir='ltr'><strong>Ceres;</strong></span> <span class='ocrx_word' id='word_1_439' title='bbox 879 1963 957 1992; x_wconf 89' lang='lat' dir='ltr'><strong>dura</strong></span> <span class='ocrx_word' id='word_1_440' title='bbox 972 1969 1018 1991; x_wconf 83' lang='lat' dir='ltr'><strong>est</strong></span> <span class='ocrx_word' id='word_1_441' title='bbox 1035 1963 1135 1992; x_wconf 82' lang='lat' dir='ltr'><strong>oratio</strong></span> <span class='ocrx_word' id='word_1_442' title='bbox 1146 1985 1154 1999; x_wconf 89' lang='lat'><strong><em>‚</em></strong></span> <span class='ocrx_word' id='word_1_443' title='bbox 1173 1963 1260 2003; x_wconf 87' lang='lat' dir='ltr'><strong>quod</strong></span> 
     </span>
     <span class='ocr_line' id='line_1_82' title="bbox 695 2008 1260 2048; baseline 0.004 -11"><span class='ocrx_word' id='word_1_444' title='bbox 695 2008 782 2037; x_wconf 89' lang='lat' dir='ltr'><strong>nulla</strong></span> <span class='ocrx_word' id='word_1_445' title='bbox 796 2009 980 2048; x_wconf 87' lang='lat' dir='ltr'><strong>interposita</strong></span> <span class='ocrx_word' id='word_1_446' title='bbox 994 2015 1039 2037; x_wconf 89' lang='lat' dir='ltr'><strong>est</strong></span> <span class='ocrx_word' id='word_1_447' title='bbox 1054 2009 1176 2048; x_wconf 88' lang='lat' dir='ltr'><strong>copula.</strong></span> <span class='ocrx_word' id='word_1_448' title='bbox 1194 2011 1260 2039; x_wconf 82' lang='lat' dir='ltr'><strong>Nisi</strong></span> 
     </span>
     <span class='ocr_line' id='line_1_83' title="bbox 696 2054 1259 2084; baseline 0.002 -1"><span class='ocrx_word' id='word_1_449' title='bbox 696 2054 775 2083; x_wconf 88' lang='lat' dir='ltr'><strong>forte</strong></span> <span class='ocrx_word' id='word_1_450' title='bbox 801 2055 845 2083; x_wconf 86' lang='lat' dir='ltr'><strong>sic</strong></span> <span class='ocrx_word' id='word_1_451' title='bbox 871 2055 970 2084; x_wconf 82' lang='lat' dir='ltr'><strong>oratio</strong></span> <span class='ocrx_word' id='word_1_452' title='bbox 990 2055 1172 2084; x_wconf 84' lang='lat' dir='ltr'><strong>continuata</strong></span> <span class='ocrx_word' id='word_1_453' title='bbox 1194 2055 1233 2084; x_wconf 87' lang='lat' dir='ltr'><strong>sit</strong></span> <span class='ocrx_word' id='word_1_454' title='bbox 1253 2065 1259 2084; x_wconf 89' lang='lat'>:</span> 
     </span>
     <span class='ocr_line' id='line_1_84' title="bbox 698 2100 1260 2140; baseline 0.002 -12"><span class='ocrx_word' id='word_1_455' title='bbox 698 2101 777 2135; x_wconf 83' lang='lat' dir='ltr'><em>Vos,</em></span> <span class='ocrx_word' id='word_1_456' title='bbox 815 2111 832 2129; x_wconf 87' lang='lat' dir='ltr'><em>o</em></span> <span class='ocrx_word' id='word_1_457' title='bbox 856 2100 996 2138; x_wconf 83' lang='lat' dir='ltr'><strong>lumina,</strong></span> <span class='ocrx_word' id='word_1_458' title='bbox 1023 2118 1069 2123; x_wconf 86' lang='lat'><strong>—-</strong></span> <span class='ocrx_word' id='word_1_459' title='bbox 1089 2100 1148 2140; x_wconf 84' lang='lat' dir='ltr'><strong>(et</strong></span> <span class='ocrx_word' id='word_1_460' title='bbox 1174 2111 1231 2130; x_wconf 88' lang='lat' dir='ltr'><strong>vos</strong></span> <span class='ocrx_word' id='word_1_461' title='bbox 1250 2102 1260 2139; x_wconf 83' lang='lat'><em>)</em></span> 
     </span>
     <span class='ocr_line' id='line_1_85' title="bbox 696 2145 1262 2182; baseline 0.002 -8"><span class='ocrx_word' id='word_1_462' title='bbox 696 2145 788 2175; x_wconf 84' lang='lat' dir='ltr'><strong>Liber</strong></span> <span class='ocrx_word' id='word_1_463' title='bbox 804 2154 836 2176; x_wconf 81' lang='lat' dir='ltr'><strong>et</strong></span> <span class='ocrx_word' id='word_1_464' title='bbox 858 2146 945 2176; x_wconf 87' lang='lat' dir='ltr'><strong>alma</strong></span> <span class='ocrx_word' id='word_1_465' title='bbox 964 2147 1065 2182; x_wconf 81' lang='lat' dir='ltr'><strong>Ceres,</strong></span> <span class='ocrx_word' id='word_1_466' title='bbox 1091 2164 1137 2168; x_wconf 90' lang='lat'><strong>-—</strong></span> <span class='ocrx_word' id='word_1_467' title='bbox 1154 2154 1185 2175; x_wconf 83' lang='lat' dir='ltr'><strong>et</strong></span> <span class='ocrx_word' id='word_1_468' title='bbox 1201 2157 1262 2176; x_wconf 70' lang='lat' dir='ltr'><strong>&#39;vos</strong></span> 
     </span>
    </p>
   </div>
  </div>
 </body>
</html>
