1408 2428
542 105 662 134 LIBER
688 104 728 134 ΙΙ.

1164 102 1224 130 281

39 164 154 199 Missa
170 162 289 209 Pado3
307 175 375 198 nec
394 173 470 197 non
485 168 522 198 et
540 173 627 209 apes
646 159 817 197 examina
833 159 1000 196 condunt

40 222 330 271 corticibusque
346 222 446 258 caw's
464 220 687 269 vitiosaeque
703 220 798 256 ilicis
817 220 935 256 alveo.

41 283 145 327 Quid
163 282 447 319 memorandum
463 294 569 331 aeque
590 280 772 317 Baccheia
791 280 888 317 dona
907 279 1096 316 tulerunt?

40 341 208 378 Bacchus
224 350 260 378 et
278 342 323 378 ad
341 342 488 390 culpam
505 353 651 377 caussas
670 339 795 376 dedit:
814 340 875 375 ille
894 339 1050 375 furentis

1182 349 1229 375 4¹55

40 404 247 439 Centauros
263 402 338 438 leto
355 402 518 447 domuit,
539 401 792 449 Rhoetumque
807 398 1042 447 Pholumque
1056 427 1065 444 ,

43 463 89 498 Et
108 472 242 509 magno
262 461 435 510 Hylaeum
450 459 620 510 Lapithis
638 467 782 496 cratere
797 459 1013 495 minantem.

95 523 130 558 Ο
149 522 358 558 fortunatos
377 521 555 566 nimium,
574 532 639 557 sua
658 520 688 555 si
707 518 809 555 bona
827 518 972 562 norint,

43 648 133 676 alnus
173 647 221 676 ibi
255 652 337 675 natae
382 645 609 675 transferantur

43 692 83 723 ad
128 693 202 722 alias
240 693 384 733 regiones
403 700 412 721 z
436 697 473 720 ut
512 689 609 721 India

44 738 144 768 mittio
154 739 238 775 ebur,
257 739 374 778 Georg.
393 739 407 766 I
418 760 426 775 ‚
446 738 485 775 57
500 759 508 774 ,
523 736 610 777 quod

45 786 182 815 alienum
209 796 227 814 a
254 785 337 814 loco.
360 786 551 824 Expressum
564 793 610 812 es-

45 842 77 861 se
92 842 218 861 versum
237 841 254 860 a
273 830 446 861 Claudiano
463 831 590 860 XXXV
602 852 610 866 ‚

50 888 63 906 1
72 878 112 915 78
123 900 131 914 ‚
149 877 339 917 missamque
347 875 439 906 Pado
456 875 512 916 qui
519 874 611 904 remi-

42 931 103 964 gat
116 924 238 959 alnum,
254 924 316 960 jam
334 923 385 952 alii
398 927 550 951 notarunt
567 938 613 945 ——-

48 971 126 1005 453.
144 969 315 1000 Corticibus
330 968 430 1004 cavis,
448 969 531 997 intra
548 978 613 997 cor-

46 1017 157 1053 ticem,
174 1023 206 1046 et
219 1015 296 1045 adeo
312 1016 395 1045 intra
418 1021 548 1044 truncos
567 1024 614 1043 ca-

47 1073 104 1092 vos
114 1062 272 1092 arborum.

95 1109 161 1144 454
171 1132 179 1146 ,
194 1109 234 1144 45
241 1109 270 1138 5.
287 1109 447 1138 Sationem
466 1107 615 1136 silvarum

48 1155 178 1185 suadere
191 1161 317 1195 poetam
334 1154 515 1183 memineris
527 1163 568 1182 ex
583 1164 614 1183 v.

49 1202 126 1236 433.
153 1204 216 1232 Tot
241 1201 398 1240 tantisque
427 1198 616 1229 utilitatibus

47 1248 182 1277 multum
190 1247 308 1277 cedunt
315 1247 435 1275 fructus
442 1247 615 1282 vinearum,

48 1303 118 1332 quae
134 1300 237 1323 tamen
250 1301 313 1323 tam
323 1292 477 1322 assiduam
490 1301 616 1331 operam

49 1340 192 1379 exigunt,
199 1341 278 1380 quin
286 1349 394 1368 earum
405 1338 529 1367 cultura
538 1337 617 1366 mul-

51 1392 81 1414 ta
95 1386 173 1415 adeo
188 1386 271 1415 'mala
280 1385 380 1414 affert.
396 1385 479 1420 Hoc,
494 1390 530 1412 ut
544 1394 617 1423 poe-

51 1437 114 1460 tam
130 1431 272 1468 decebat,
290 1442 306 1460 a
325 1430 462 1471 generali
482 1439 518 1458 ac
531 1429 616 1458 nuda

51 1478 268 1507 enuntiatione
291 1477 331 1506 ad
347 1477 421 1505 facti
437 1475 617 1514 exemplum

52 1523 191 1554 deducit.
211 1524 267 1554 Ad
291 1523 438 1562 culpam,
458 1521 491 1551 h.
515 1521 555 1550 ad
571 1521 618 1550 fu·

41 1571 148 1607 rores,
157 1570 197 1599 ad
211 1571 348 1599 facinora
356 1574 387 1598 et
396 1569 526 1597 crimina
536 1577 617 1596 com-

52 1615 202 1645 mittenda
223 1615 366 1645 incendit
388 1613 533 1643 homines
549 1635 557 1649 ,
582 1620 617 1642 ut

49 1661 112 1698 jam
144 1662 226 1692 bene
255 1664 424 1692 Burmann.
457 1660 615 1700 exposuit.

51 1707 182 1744 —456.
198 1710 259 1738 Pro
275 1707 401 1743 Rhoeto,
415 1706 510 1746 aliqui
525 1704 616 1735 Rhae-

52 1764 122 1782 cum
138 1755 266 1794 legunt,
281 1761 312 1784 et
332 1754 377 1782 sic
393 1752 519 1792 quidem
534 1751 617 1791 apud

53 1799 232 1830 Callimach.
250 1800 306 1842 (in
328 1800 421 1829 Dian.
440 1797 520 1838 221)
542 1798 618 1838 legi-

51 1851 104 1874 tur
122 1854 130 1875 :
146 1846 232 1875 unde
252 1845 381 1886 quidam
406 1843 554 1874 Rhaecum
575 1845 619 1884 gi-

51 1892 151 1932 gantis
186 1902 322 1929 nomen3
359 1890 502 1921 Rhaetum
541 1900 618 1919 vero

54 1938 219 1974 Centauri,
244 1943 432 1967 statuerunt.
455 1954 503 1959 —-
524 1938 617 1975 Spec-

52 1989 122 2012 tant
147 1983 186 2012 ad
210 1984 443 2013 Centaurorum
468 1983 545 2012 vino
568 1982 618 2010 in-

38 2029 248 2065 ,ebriatorum
276 2029 398 2059 furores
427 2034 459 2058 et
480 2037 618 2068 pugnam

55 2086 129 2105 cum
143 2075 282 2116 Lapithis
296 2076 331 2104 in
351 2074 471 2115 nuptiis
488 2072 620 2104 Pirithoi

55 2132 130 2152 cum
160 2120 379 2162 Hippodamia.
417 2119 492 2150 Vid.
523 2119 617 2151 Ovid.

55 2169 183 2199 Metam.
208 2169 292 2206 XII,
311 2177 376 2197 210
403 2177 472 2206 sqq.
501 2166 620 2196 Habuit

55 2221 161 2245 noster
175 2220 245 2244 ante
259 2214 369 2245 oculos
380 2212 494 2253 Odyss.
505 2222 538 2253 φ,
554 2213 619 2252 295

662 654 730 684 sqq.
748 644 831 674 Cum
848 655 896 684 ap.
916 643 1011 674 Ovid.
1027 644 1047 673 l.
1069 643 1090 673 l.
1108 644 1233 675 Rhoerus

662 697 694 720 et
715 689 833 719 Pholus
851 701 918 719 non
940 691 1037 720 occisi
1059 690 1113 719 sed
1137 691 1236 732 Fugam*

664 743 900 773 memorentur,
930 738 1107 774 Martinus,
1138 737 1235 767 alium

664 782 795 811 doctum
835 783 1024 812 Britannum
1058 791 1212 822 sequutus
1227 808 1234 821 ‚

666 828 793 869 copiose
835 828 984 865 adstruit,
1005 827 1155 869 fizrentes
1191 830 1234 859 Ie-

665 883 697 904 to
732 873 932 914 jungendum
971 885 1055 910 esse,
1079 885 1146 904 non
1180 876 1235 904 do-

667 921 747 950 muic
768 921 841 951 lem.
860 922 904 951 At
921 921 1006 950 enim
1014 920 1126 962 fitrere
1150 923 1236 950 coede

666 967 755 997 facile
783 967 920 1003 dixeris,
944 977 1110 1007 nunquam
1125 966 1237 1007 ficrere

667 1021 781 1049 morte,
810 1014 883 1044 leto.
910 1012 970 1044 Sed
994 1019 1059 1042 tota
1080 1012 1236 1043 dubitatio

666 1060 720 1089 illa
733 1061 835 1089 inanis
850 1067 897 1089 est
908 1070 941 1089 ac
957 1070 1052 1096 vana,
1068 1060 1110 1097 si,
1121 1068 1237 1099 quanta

666 1107 701 1135 in
717 1106 765 1135 his
781 1106 895 1135 fabulis
918 1113 1081 1146 poetarum
1107 1108 1237 1136 variatio

668 1153 725 1189 sit,
742 1159 772 1182 et
794 1153 925 1192 impune
949 1163 1014 1182 esse
1038 1153 1154 1192 possit,
1172 1164 1236 1182 me-

668 1199 807 1228 mineris.
838 1199 925 1238 Quid
953 1199 1058 1228 enim?
1087 1197 1140 1227 Ab
1172 1199 1238 1228 aliis

669 1245 815 1283 Hyloeus,
840 1251 872 1273 et
896 1244 1021 1274 Rlzoeczts
1038 1244 1076 1272 ab
1092 1244 1238 1274 Atalanta

668 1291 703 1319 in
730 1289 866 1320 Arcadia
890 1291 986 1319 occisi
1012 1298 1235 1322 memorantur.

669 1335 733 1366 vid.
760 1335 911 1376 Apollod.
937 1338 1002 1373 III,
1022 1347 1059 1376 9,
1079 1346 1109 1366 2.
1132 1337 1236 1368 Schol.

671 1382 855 1412 Callimachi
876 1384 911 1411 in
934 1383 1027 1412 Dian.
1049 1392 1110 1411 221
1138 1389 1169 1412 et
1192 1384 1238 1413 ibi

669 1428 836 1468 Spanhem.
866 1429 938 1458 Alia
961 1437 1067 1469 pugna
1092 1429 1239 1459 Herculis

670 1485 744 1504 cum
775 1475 939 1504 Centauris
964 1474 1024 1503 fuit
1048 1473 1132 1514 apud
1155 1474 1237 1505 Pho-

670 1521 737 1549 lum
760 1520 975 1549 devertentem
997 1529 1004 1549 ε
1029 1531 1060 1550 v.
1086 1521 1238 1561 Apollod.

671 1568 717 1603 ΙΙ,
751 1567 785 1602 5,
820 1572 856 1603 4,
882 1572 913 1595 et
936 1567 1011 1596 Not.
1036 1565 1074 1595 ad
1098 1578 1125 1597 e.
1152 1567 1173 1597 l.
1194 1585 1240 1591 -—

672 1614 748 1649 457.
765 1612 928 1642 DIinacem
944 1613 1069 1653 Menag.
1085 1623 1134 1652 pr.

717 1659 792 1694 458.
826 1665 1004 1698 sequnntur
1031 1658 1139 1688 laudes
1166 1660 1239 1690 vitae

670 1706 805 1741 rusticae,
815 1705 906 1734 locus
912 1704 1136 1741 nobilissimus,
1148 1707 1238 1744 eujus

669 1750 941 1791 pulchritudinem
956 1761 1023 1780 non
1037 1752 1150 1780 sentiat
1160 1774 1168 1787 ‚
1184 1754 1240 1792 qui

669 1799 696 1826 is
715 1807 774 1826 nec
787 1796 900 1837 dignus
919 1798 975 1832 sit,
995 1797 1047 1825 cui
1063 1804 1237 1833 enarretur.

672 1844 738 1882 Qui
763 1842 931 1872 dulcedine
956 1842 1069 1872 harum
1093 1843 1240 1883 volupta—

671 1896 739 1918 tum
755 1895 864 1929 captus
879 1887 1000 1917 diutius
1017 1889 1080 1917 suis
1095 1889 1239 1919 sensibus

670 1934 834 1976 indulgere
854 1934 942 1971 vult,
964 1935 990 1963 is
1004 1941 1077 1974 post
1097 1934 1239 1965 laudatos

668 1981 733 2018 jam
746 1991 763 2009 a
777 1979 877 2011 Cerda
889 1987 920 2009 et
935 1980 1001 2010 aliis
1018 1981 1149 2011 Statium
1162 1982 1237 2012 Silv.

671 2028 730 2063 IV,
751 2027 781 2056 5.
794 2025 943 2066 Xenoph.
964 2028 1139 2057 OEconom.
1163 2038 1239 2058 con-

672 2073 750 2102 ferat
764 2073 905 2103 Culicem
918 2083 948 2103 v,
967 2073 1112 2113 57—96.
1127 2075 1238 2105 Horat.

671 2118 772 2159 Epod.
789 2120 831 2149 ΙΙ.
847 2119 948 2150 carm.
964 2120 1011 2148 111
1022 2143 1030 2157 ‚
1050 2130 1063 2149 1
1077 2142 1086 2155 ‚
1104 2128 1238 2157 21—24

672 2167 769 2196 Serm.
788 2167 839 2202 ΙΙ,
859 2165 898 2202 6,
918 2166 959 2206 59
985 2176 1052 2206 sqq.
1073 2166 1237 2198 Claudian.

673 2213 739 2247 LV,
757 2211 850 2242 Felix
860 2211 917 2252 qui
918 2211 1034 2252 patriis
1047 2219 1106 2242 etc.
1118 2213 1235 2243 Tibull.

1041 2273 1109 2316 24*
