1408 2428
562 92 729 121 ECLOGA
754 96 793 123 v.
1231 94 1269 129 ογ

86 152 253 185 Pastores
272 162 279 183 z
296 150 448 185 mandat
463 148 545 184 fieri
560 148 633 185 sibi
649 150 737 186 talia
752 151 933 200 Daphnis.

82 210 127 243 Et
143 208 327 244 tumulum
345 208 475 254 facite,
493 217 529 245 et
545 209 689 245 tumulo
705 210 948 259 superaddite
965 222 1114 246 carmen
1133 225 1140 244 ;

79 268 249 317 Daphnis
266 281 335 318 ego
351 268 390 304 in
406 268 506 305 silxds
516 296 525 314 ‚
543 268 632 304 hinc
649 282 767 318 usque
785 270 832 306 ad
849 270 974 307 sidera
989 279 1100 306 notus
1111 297 1121 314 ‚

80 328 249 365 Formosi
266 329 412 377 pecoris
428 337 552 365 custos
563 356 573 372 ‚
591 328 792 366 formosior
808 330 901 378 ipse.

575 401 779 425 MENALCAS.

81 446 170 482 Tale
187 455 293 482 tuum
310 459 458 482 carmen
476 446 583 482 nobis
595 475 604 492 ,
623 447 749 483 divine
765 457 896 497 poeta,
1028 463 1030 465 ’
1242 458 1273 485 45

80 536 207 575 proprie
238 537 387 576 accipias,
416 536 476 565 hoc
502 547 568 566 non
588 538 649 567 nisi

81 580 118 611 de
132 581 248 611 florum
263 593 298 611 ac
314 582 473 611 frondium
489 584 648 622 sparsione

80 637 136 667 per
153 627 287 657 humum
309 629 426 668 exponi
448 635 560 668 potest.
582 631 648 659 Ho-

81 679 138 702 rat.
164 673 225 704 Od.
236 675 297 702 ΙΙΙ
309 697 316 710 ,
351 675 402 709 18,
435 681 497 710 14:
522 675 651 716 Spargzc

81 727 218 759 agrestes
232 719 289 748 tibi
300 719 443 760 (Fauno)
465 720 648 762 silv'czfion-

81 764 145 794 des.
166 766 248 794 Fieri
267 764 329 794 hoc
355 766 532 805 putandum
550 774 595 795 est
616 769 649 796 in

80 810 234 840 honorem
277 811 461 850 Daphnidis,
504 811 649 840 Indue-ite

72 854 217 895 fimcibus
245 856 387 892 umbras,
418 856 519 885 multo
551 858 649 897 magis

81 912 194 942 vagum
215 908 245 931 et
259 900 462 931 indefinitum
483 907 529 930 est
552 911 560 931 :
584 904 649 932 sive

81 948 124 976 sic
134 948 264 987 accipias
274 969 282 983 ‚
297 954 332 976 ut
347 947 472 977 arbores
488 954 648 987 ponantur

82 994 163 1022 eirca
182 993 300 1031 fontes,
319 995 384 1023 sive
407 1000 443 1023 ut
465 995 543 1024 rami
561 994 647 1024 fron-

82 1039 188 1069 dentes
203 1049 211 1069 :
227 1039 315 1080 quod
329 1046 359 1070 et
372 1041 477 1080 ipsum
490 1040 529 1069 ad
545 1040 647 1071 hono-

82 1096 148 1114 rem
165 1086 397 1125 quodammodo
420 1087 537 1116 factum
561 1098 648 1128 spec-

82 1138 146 1160 tare
167 1131 269 1169 dicas,
289 1132 455 1163 frondibus
476 1140 507 1162 et
524 1134 650 1163 corollis

82 1178 164 1206 circa
187 1178 305 1209 fontem
320 1180 487 1220 suspensis
506 1181 558 1209 An
574 1191 649 1210 vero

84 1224 144 1253 hoc
162 1225 243 1254 circa
260 1235 368 1254 omnes
389 1226 491 1255 fontes
509 1225 579 1255 fleri
597 1227 649 1256 de-

83 1269 152 1306 bet,
175 1277 206 1299 et
225 1273 398 1311 quorsum?
427 1273 528 1301 Aiunt
554 1274 651 1302 ritum

83 1316 247 1347 funebrem
260 1328 340 1354 esse3
357 1317 411 1347 sed
424 1319 495 1358 quis
508 1329 581 1348 eum
599 1329 650 1347 us-

83 1371 177 1401 quam
203 1364 407 1394 memoravit?
434 1364 524 1394 Circa
549 1371 652 1393 tumu-

84 1407 149 1436 lum
171 1408 296 1438 arbores
311 1410 372 1438 seri
386 1420 454 1438 mos
469 1409 529 1438 fuit
547 1409 598 1450 (v.
623 1420 649 1439 c.

82 1453 169 1483 Iliad.
192 1452 226 1491 ζ,
255 1454 361 1494 4ῐ9),
383 1465 449 1484 non
470 1465 546 1483 vero
571 1456 651 1484 circa

82 1498 193 1530 fontes.
208 1501 240 1530 Si
252 1511 348 1541 porro
361 1500 400 1530 de
414 1500 580 1530 arboribus
596 1512 651 1542 po-

81 1545 192 1575 nendis
210 1556 245 1575 ac
266 1546 404 1576 serendis
428 1548 575 1586 accipias,
599 1558 649 1577 ac-

81 1592 315 1622 commodatum
328 1594 387 1623 erit
402 1600 437 1622 ut
450 1594 555 1633 priore
569 1605 647 1634 quo-

81 1648 142 1676 que
164 1638 252 1675 loco,
280 1649 428 1680 spargere
449 1638 575 1668 humum
592 1639 647 1680 fo-

79 1682 141 1721 liis,
149 1683 187 1713 de
193 1686 312 1715 satione
320 1684 437 1715 florum
448 1686 645 1724 accipiamus.

80 1730 196 1760 Firmat
238 1731 320 1760 hanc
361 1732 515 1760 rationem
558 1731 647 1760 locus

79 1775 203 1816 Eclogae
223 1778 269 1807 IX
280 1799 290 1813 ‚
308 1787 347 1816 19
366 1776 436 1816 quis
451 1776 646 1819 humumslo-

80 1822 216 1852 rentibus
241 1821 358 1858 herbis,
385 1824 570 1863 Spargeret‚
591 1831 648 1852 aut

81 1866 182 1896 viridi
195 1867 307 1909 flantes
331 1868 493 1898 induceret
509 1869 646 1899 umbra?

81 1914 237 1944 Neutrum
267 1921 371 1945 tamen
396 1916 479 1945 inter
510 1914 646 1945 honores

82 1960 214 1988 mortuis
243 1959 366 1990 habitos
398 1962 564 1990 memorari
595 1971 646 1989 us-

81 2014 175 2043 quam
188 2004 271 2042 vidi3
289 2016 477 2046 quamquam
494 2006 531 2036 ad
546 2007 647 2036 fontes

81 2056 112 2079 et
132 2053 166 2081 in
189 2052 294 2081 viretis
312 2052 387 2081 olim
409 2053 552 2092 sepulcra
568 2053 647 2082 facta

82 2108 156 2134 esse,
174 2104 214 2134 et,
223 2097 361 2138 frondes
369 2097 476 2139 ferre,
494 2099 577 2127 inter
589 2098 647 2128 ho-

33 2175 43 2183 ·
81 2153 172 2174 nores
209 2151 239 2173 et
281 2155 411 2174 munera
446 2151 646 2174 mortuorum

81 2189 224 2221 habitum
242 2201 317 2228 esse,
330 2201 397 2221 non
414 2192 536 2232 ignoro.
562 2191 645 2221 conf.

701 537 820 574 locum,
835 539 868 566 in
879 549 943 578 quo
959 548 1031 567 cum
1045 545 1154 568 nostro
1165 547 1272 572 certat.

701 585 879 614 Nemesiani
894 585 959 614 Eel.
976 586 989 613 I
1001 607 1009 620 ‚
1026 585 1069 620 (34
1089 596 1155 624 sqq.
1174 586 1272 621 Nihil,

702 630 789 669 quod
808 630 845 659 ad
868 641 934 659 rem
949 630 1049 667 faciat,
1070 630 1206 660 afferunt
1226 633 1273 661 in-

702 682 851 716 terpretes
866 699 874 712 ‚
901 687 1004 716 neque
1032 676 1120 706 locus
1150 678 1273 707 Horatii

703 722 805 751 Carm.
822 723 885 757 ΙΙΙ,
906 733 917 750 1
927 723 956 757 3,
970 733 987 750 2
1007 724 1034 751 Ο
1047 722 1116 751 fons
1136 722 1273 752 Blandu-

701 768 755 796 siae
767 767 1016 807 —Dldcidigne
1032 778 1116 796 mero
1133 779 1190 797 nec
1205 769 1273 797 sim·

690 812 847 853 floribu5‚
868 819 951 841 recte
970 813 1034 841 huc
1056 813 1199 842 refertur.
1217 816 1273 843 Vi-

702 857 795 886 detur
821 857 899 886 mihi
923 868 970 886 res
996 859 1040 886 sic
1068 858 1272 897 expedienda.

703 909 739 932 ut
755 902 914 931 tumulum
923 904 1012 941 juxta
1023 903 1141 933 fontem
1155 904 1272 934 factum

700 948 920 989 intelligamus.
938 950 987 979 Sic
1003 950 1037 978 iu
1053 949 1208 980 honorem
1224 951 1274 981 de-

701 994 803 1024 functi
823 996 954 1034 pastoris
966 1018 974 1032 ‚
992 1002 1070 1025 noto
1094 1007 1198 1033 more,
1217 996 1274 1026 hu-

703 1051 773 1070 mus
790 1040 922 1070 floribus
936 1048 966 1070 et
980 1040 1144 1071 frondibus
1160 1045 1275 1083 spargi-

706 1094 756 1116 tur
784 1097 818 1116 ac
852 1088 934 1116 circa
962 1088 1121 1117 tumulum
1147 1089 1273 1118 arbores

703 1141 863 1163 seruntur.
878 1133 1075 1163 Iucusandus
1098 1141 1201 1164 tamen
1224 1136 1272 1164 vel

703 1181 746 1208 sic
763 1186 853 1220 poeta
865 1203 872 1216 ‚
887 1180 974 1219 quod
987 1180 1025 1209 acl
1038 1191 1163 1210 sensum
1177 1182 1272 1210 animi

704 1233 734 1255 et
745 1226 830 1255 oculi
848 1236 913 1254 non
928 1228 1000 1255 satis
1013 1226 1125 1255 diserte
1141 1237 1206 1256 rem
1220 1238 1272 1256 ex-

703 1272 819 1312 posuit.
845 1271 1004 1301 Montibus
1031 1273 1126 1302 Goth.
1142 1272 1272 1313 fivndi-

704 1317 757 1346 bus
787 1318 931 1347 Vossian.
960 1325 991 1346 et
1016 1318 1123 1358 fragm.
1157 1320 1271 1348 Moret.

696 1362 857 1402 frontibus
875 1373 957 1392 unus
975 1364 1059 1393 Leid.
1082 1366 1166 1392 Aras
1182 1365 1272 1393 Pierii

706 1410 797 1439 Rom.
827 1408 911 1437 unde
936 1409 988 1438 ille
1016 1410 1100 1449 legit,
1135 1409 1272 1438 inducite

695 1453 866 1494 fivndibns
881 1465 965 1485 aras.
981 1457 1130 1494 Sequitur
1143 1455 1203 1484 hoc
1219 1457 1273 1485 Ca-

706 1507 802 1530 troeus
816 1510 823 1530 :
840 1508 870 1529 at
884 1502 918 1529 in
938 1507 1045 1529 nostro
1060 1506 1105 1529 est
1125 1499 1272 1530 inducet-1·

704 1546 828 1576 umbras
840 1546 1000 1587 fluetibus,
1027 1546 1186 1576 obducere
1202 1557 1271 1576 um-

702 1592 757 1622 bra
767 1593 878 1623 fonte-«⁵.
887 1593 996 1627 -43,
1008 1592 1141 1622 Tlieocl.
1154 1594 1179 1629 Ι,
1196 1603 1268 1622 120

706 1649 778 1668 121.
792 1635 901 1679 Δάφνις
918 1636 1025 1682 ἐγὼνσ
1012 1633 1064 1667 ’ὁδε
1075 1638 1202 1675 τῆνος,ὁ
1216 1636 1271 1673 τὰς

701 1682 737 1723 β
741 1695 775 1718 7
799 1679 860 1714 &Se
879 1695 910 1714 νο
913 1695 949 1726 ue
954 1683 1024 1721 ύων,
1042 1681 1188 1724 Amo-1236
1211 1683 1272 1718 τὼς

699 1729 818 1773 ταύρως
833 1728 1022 1774 κοιὶπόρτιας
1011 1725 1092 1760 ὧδε
1103 1740 1163 1760 ποτ
1167 1725 1269 1759 ίπσὸων

699 1788 778 1817 quos
793 1788 912 1814 ver‚sus
926 1788 999 1806 cum
1010 1777 1111 1806 multo
1122 1777 1271 1814 majorem

698 1824 928 1864 simplicitatem
959 1822 1095 1852 habeant
1112 1845 1120 1858 ‚
1152 1823 1272 1852 mireris

698 1871 877 1910 Virgiliam's
885 1869 1074 1909 posthaberi.
1083 1869 1117 1897 Η
1117 1867 1168 1897 inc
1177 1878 1273 1908 usque

700 1916 746 1944 ad
760 1915 865 1945 sidera
884 1923 986 1951 notus,
997 1915 1123 1955 epicum
1140 1921 1197 1952 est,
1213 1925 1271 1943 nec

700 1963 732 1990 in
746 1962 908 2000 pastoritio
921 1962 1056 1990 carmine
1067 1961 1138 1989 satis
1148 1961 1270 2000 placere

700 2014 812 2046 potest.
827 2008 857 2037 Si
868 2014 972 2036 tamen
986 2006 1130 2046 exemplo
1145 2005 1267 2036 defendi

699 2059 812 2092 potest,
832 2053 919 2093 quod
939 2064 1004 2083 non
1025 2063 1081 2093 per
1095 2063 1126 2081 se
1143 2052 1268 2092 probes,

700 2106 745 2127 est
757 2099 845 2128 locus
863 2099 947 2128 haud
967 2099 1104 2129 multum
1119 2098 1223 2139 dispar
1235 2100 1269 2128 in

699 2145 833 2175 Theocr.
845 2147 917 2181 VII,
934 2157 987 2185 92.
1004 2147 1059 2185 93.

747 2192 800 2227 [45.
826 2191 898 2221 Vid.
916 2192 1049 2230 Theocr.
1065 2193 1091 2228 Ι,
1111 2202 1123 2220 1
1137 2197 1168 2220 et
1180 2201 1195 2228 7
1210 2198 1267 2220 etc⁷
