1408 2428
320 137 371 182 P.
401 137 691 182 VIRGILII
722 138 1026 184 MARONIS

173 264 1179 369 GEORGICON*

382 477 622 533 LIBER
663 475 966 533 PRIMUS

83 641 186 693 AD
225 640 285 694 C.
327 638 675 693 CILNIUM
714 636 1260 693 MAECENATEM.

85 820 375 832 mmmm
379 819 1268 832 mnsmwswsmw-mwsmmmmnzmm

448 976 900 1013 ARGUMENTUM.

132 1103 319 1136 Οεοιιοιοᾼ,
339 1109 393 1128 seu
420 1099 459 1129 de
483 1110 516 1128 re
541 1098 658 1129 rustica
685 1104 860 1138 praecepta,
890 1098 1076 1134 arationem,
1105 1097 1270 1133 arborum,

87 1154 229 1194 inprimis
253 1153 366 1182 vitium
389 1159 420 1181 et
443 1152 598 1188 olearum,
621 1151 792 1187 culturam,
814 1151 987 1190 pastionem
1010 1158 1041 1179 et
1060 1149 1271 1185 mellificium,

84 1217 102 1236 e
121 1210 336 1238 Romanorum
359 1206 490 1235 notione
512 1205 776 1244 complectuntur.
793 1203 946 1233 Ordjnem
963 1203 1169 1233 dicendorum
1186 1203 1274 1231 ducit

87 1260 263 1301 Propositz'o
275 1266 306 1289 et
321 1267 542 1300 argumentum
559 1260 661 1299 operis
678 1270 707 1288 v.
726 1259 823 1288 1—5.
838 1257 915 1286 Inde
929 1258 1091 1286 Invocacio
1105 1259 1272 1286 numinum

85 1317 252 1356 agrestium
273 1325 346 1343 cum
366 1315 435 1354 ipso
456 1315 575 1344 Caesare
594 1315 740 1353 Augusto
755 1329 800 1334 ——
818 1318 870 1347 4²·
887 1312 979 1341 Nunc
996 1311 1034 1340 de
1048 1311 1155 1350 prima
1172 1313 1274 1351 operis

86 1369 195 1397 rustici
217 1374 303 1408 parte
320 1390 328 1404 ,
351 1377 422 1406 quae
446 1374 492 1396 est
515 1367 553 1395 de
575 1365 733 1395 Aratione
752 1378 763 1395 .·
786 1366 890 1406 primo
914 1364 1040 1404 quidem
1066 1364 1195 1404 quando
1221 1364 1274 1393 issa

86 1421 265 1462 incipienda
275 1423 364 1450 sit—
375 1427 427 1459 49.
440 1423 522 1449 Ante
533 1420 637 1449 omnia
647 1419 721 1448 coelt'
727 1419 847 1460 solique
857 1425 972 1447 natura
983 1425 1027 1447 est
1037 1418 1275 1458 exploranda—

88 1476 130 1505 63
140 1498 148 1511 ‚
165 1474 249 1503 unde
263 1475 348 1514 leges
357 1474 486 1503 culcuroe
495 1473 622 1502 diver-sce
636 1472 1051 1513 proficiscuntur‚inprin1is
1060 1473 1217 1502 arationis
1231 1489 1276 1495 —-

88 1539 131 1568 99
144 1551 151 1565 ‚
169 1535 199 1557 et
213 1526 400 1556 sationis—
412 1537 485 1556 121.
501 1527 581 1556 Cum
604 1527 639 1555 in
657 1526 706 1555 his
727 1527 865 1555 multum
878 1525 995 1554 laboris
1013 1532 1044 1554 et
1061 1535 1209 1555 aerumnae
1225 1532 1271 1555 to-

87 1582 251 1612 lerandum
274 1582 331 1618 sit,
351 1580 527 1621 digreditur
544 1579 581 1609 ad
602 1590 729 1609 caussas
747 1579 841 1617 hujus
857 1579 902 1608 rei
925 1578 1080 1616 tnyclzc'cas
1098 1578 1172 1608 inde
1191 1589 1207 1607 a
1223 1581 1275 1609 Sa-

89 1638 175 1666 turni
204 1641 292 1665 aetate
310 1651 356 1657 —-
379 1635 453 1673 159.
481 1634 559 1663 Inde
589 1633 627 1664 de
655 1634 862 1663 instrumento
882 1632 996 1662 rustico
1017 1649 1063 1655 —-
1094 1634 1174 1671 1753
1202 1641 1270 1663 tum

89 1691 128 1720 de
153 1689 226 1719 aliis
247 1688 292 1718 ad
312 1699 388 1728 opus
409 1688 556 1717 rusticum
567 1687 760 1728 faciendum
783 1686 932 1716 curandis
949 1696 957 1716 ;
973 1688 1006 1716 in
1020 1686 1068 1715 his
1089 1685 1127 1715 de
1150 1697 1218 1716 area
1236 1688 1274 1715 ad

89 1742 216 1773 terenda
235 1751 329 1783 grana
349 1740 484 1782 paranda
496 1758 542 1764 --
561 1741 635 1771 186.
651 1742 671 1772 J
675 1740 815 1771 ud-icium
834 1739 872 1770 de
892 1739 1000 1769 futuro
1024 1739 1095 1768 aum'
1116 1747 1275 1778 proventu

139 1871 153 1886 '¹
185 1874 372 1914 Georgicon.
399 1874 465 1904 Alii
489 1873 655 1916 Georgico-

93 1929 160 1949 rum
181 1929 188 1949 :
214 1920 268 1949 sed
296 1930 395 1959 graeca
424 1922 459 1949 in
481 1920 531 1949 his
558 1921 656 1950 titulis

93 1971 233 2005 regnant.
258 1965 323 1995 vid.
350 1966 458 1995 Heius.
490 1967 527 1994 In
551 1966 658 1994 multis

95 2010 197 2040 Codd.
214 2017 244 2039 et
257 2010 329 2040 edd.
345 2018 408 2041 ant.
425 2012 658 2050 praemittuntur

94 2067 153 2096 pro
166 2056 241 2085 libri
255 2056 349 2096 primi
361 2063 545 2096 argumento
554 2078 562 2093 ,
580 2066 656 2095 qua-

97 2108 169 2131 tuor
191 2112 299 2131 versus
313 2124 321 2138 ‚
348 2112 428 2141 quos
451 2103 532 2131 inter
555 2103 657 2141 Arg-u-

50 2170 59 2177 .
96 2154 217 2184 menta,
231 2147 338 2177 videre
354 2154 415 2184 est,
430 2146 466 2177 11⁰
482 2149 555 2184 XV,
575 2146 660 2187 Quid

87 2193 198 2233 faciat
205 2194 296 2224 laetas
307 2204 331 2223 s.
345 2195 405 2224 Eos
414 2194 446 2224 in
460 2192 608 2225 Rottend.
628 2199 657 2223 et

707 1876 834 1913 Menag.
853 1871 963 1903 Ouidio
982 1870 1108 1901 Nasoni
1119 1883 1131 1906 ;
1148 1871 1183 1900 in
1195 1873 1274 1911 pn's-

709 1922 753 1949 cis
771 1920 843 1949 edd.
863 1917 1044 1948 Modestino
1064 1917 1164 1946 tribui
1183 1924 1273 1946 nota-

709 1966 756 1994 vit
776 1966 882 1993 Burm.
910 1962 1007 2002 Apud
1023 1962 1153 1992 Sujdam
1175 1972 1275 2002 graeca

710 2010 913 2048 metaphrasis
948 2008 1178 2047 Georgicorum
1213 2019 1276 2038 me-

709 2062 850 2085 moratur
861 2054 1014 2085 Arriani:
1026 2048 1189 2096 Ᾱῤῥιανὸς,
1205 2053 1275 2084 ἐπο-

709 2099 794 2135 ποιὸς
808 2124 816 2138 ,
853 2098 1041 2143 μετοίφρασιν
1077 2102 1137 2130 τῶν
1173 2103 1274 2143 Γεωρ-

710 2149 806 2190 γικῶν
816 2150 869 2179 τοῦ
880 2144 1055 2190 Βεργιλλίου
1067 2145 1179 2181 ἐπικῶς
1188 2145 1275 2178 ποιή-

710 2203 774 2229 σοις.

1102 2246 1119 2259 *-

1056 2258 1099 2282 12
