1408 2428
508 78 513 87 N
541 57 662 86 LIBER
686 57 728 86 Π.

1170 56 1234 96 289

41 123 165 168 Atque
184 125 305 154 metus
324 115 443 152 omnis
463 122 500 150 et
515 113 748 151 inexorabile
767 113 882 149 fatum

41 178 210 229 Subjecit
227 176 407 227 pedibus,
424 175 700 224 strepitumque
718 172 945 211 Acherontis
964 173 1086 210 avari!

44 374 74 411 ’ἐς
85 374 170 405 θείων
182 369 350 416 πραπίδων
363 369 513 404 ἐκτήσατο
525 373 617 402 πλοῦ·
659 371 771 414 satum
785 373 919 401 Roman.
932 371 1025 410 Pierii
1036 392 1045 407 ‚
1060 380 1100 400 ex
1116 372 1237 403 AEneid.

47 432 96 451 τεν
109 445 117 458 ,
134 432 181 461 ap.
195 420 349 451 Clement.
363 419 456 449 Alex.
468 420 615 449 stromat.

46 471 75 497 V
95 474 175 498 extr.
196 467 288 496 Veris
311 472 416 495 autem
439 464 477 495 de
505 472 616 494 natura

45 524 170 549 rerum,
197 512 330 543 deorum
354 519 386 542 ct
410 513 540 548 animae,
566 521 614 540 ra-

47 559 190 590 tionibus
208 558 248 587 ab
266 559 405 598 Epicuro
422 558 595 598 propositis
606 580 615 594 ‚

47 613 169 642 metm,
198 612 351 641 terrores,
375 614 410 633 ac
430 603 616 643 cupiditates

46 651 230 682 hominibus
250 649 421 688 detractas,
441 656 472 679 et
500 649 538 678 ad
561 659 615 678 ve-

47 709 114 728 ram
138 698 316 727 felicitatem
332 698 415 726 viam
432 695 616 736 patefactam

48 755 132 781 esse,
158 754 239 784 saepe
262 752 278 772 a
303 743 450 772 Lucretio
464 742 615 782 praedica-

48 798 110 820 tur.
128 790 220 820 Conf.
240 790 304 819 Cic.
322 790 391 818 Fin.
412 791 446 825 Ι,
471 789 507 818 13
529 787 614 829 (vid.

48 836 182 866 Bentleii
212 836 365 866 Remurks
388 845 472 875 upon
500 845 521 863 cz
548 835 615 864 late

48 882 206 911 discourse
226 880 511 923 ofFreethinlring,
533 880 565 909 in
593 890 615 909 a

50 931 156 958 Letter
183 927 225 966 by
253 926 522 964 Phileleuelzerus,
542 926 614 966 Llp-

47 974 157 1004 siensis
176 984 271 1015 segm.
302 983 343 1003 20
369 972 391 1013 )
419 975 526 1014 Ipsum
554 975 615 1002 Lu-

49 1022 182 1051 cretium
204 1020 253 1050 his
280 1019 428 1049 laudibus
450 1018 616 1059 praedicari

48 1067 179 1107 putabat
190 1067 353 1107 Spencius,
367 1066 522 1106 Polymet.
533 1066 614 1096 Dial.

50 1115 82 1142 II
91 1137 98 1149 ‚
111 1124 143 1153 p.
164 1123 175 1142 1
184 1118 203 1148 4
214 1135 222 1147 ,
241 1111 327 1153 quod
340 1122 406 1142 non
418 1112 536 1152 placet3
550 1122 617 1142 non

50 1159 179 1199 quidem
203 1166 387 1199 propterea,
413 1158 500 1199 quod
524 1160 617 1188 nimis

50 1204 231 1246 magnificas
247 1227 255 1242 ‚
289 1215 385 1245 quam
414 1215 473 1246 pro
500 1207 616 1235 Lucre-

51 1253 87 1281 tii
114 1252 251 1288 meritis,
275 1251 383 1281 laudes
407 1262 472 1281 esse
494 1251 615 1288 dicam3

50 1308 123 1327 nam
139 1308 210 1338 quae
231 1303 313 1327 secta
334 1308 402 1327 non
415 1309 509 1328 suum
527 1299 615 1339 prin-

52 1346 154 1384 cipem
183 1346 227 1374 ita
257 1343 406 1374 extollit?
439 1345 527 1374 Fecit
554 1344 616 1374 hoc

50 1390 134 1419 idem
150 1391 185 1419 in
200 1391 340 1430 Epicuro
359 1400 416 1419 suo
440 1390 614 1420 Lucretius.

50 1439 171 1466 Verum
195 1446 262 1466 non
287 1436 339 1465 hic
355 1436 463 1465 locum
482 1436 620 1466 habebat

51 1483 145 1512 unius
169 1483 356 1522 cujusquam
378 1483 455 1511 certi
477 1483 615 1512 hominis

48 1528 116 1557 laus
131 1535 162 1558 et
175 1527 367 1569 praedicatio.
381 1530 455 1559 Non
471 1529 549 1558 male
564 1540 616 1559 ex-

47 1575 160 1614 pressit
174 1575 282 1604 locum
291 1577 417 1611 Seneca,
428 1576 536 1615 Agam.
548 1576 614 1610 604

46 1621 172 1651 -—6oS.
198 1621 345 1652 Colorem
369 1622 519 1651 orationis
544 1632 614 1651 mu-

46 1673 152 1696 tuatus
175 1674 221 1698 est
240 1667 316 1696 hinc
338 1668 520 1708 gravissimo
542 1668 614 1698 loco

45 1715 162 1743 Lucan.
171 1715 228 1751 IV,
243 1714 307 1753 394
317 1723 324 1743 :
335 1713 439 1751 Felix,
451 1714 617 1755 quipocuic

48 1759 159 1789 mmzdi
173 1766 308 1789 nutante
327 1759 440 1796 mimz,
475 1762 545 1799 Quo
558 1759 613 1801 ja-

45 1813 119 1834 ceat
121 1804 195 1845 jam
209 1805 288 1835 scire
302 1805 370 1836 Ioco
381 1808 393 1834 !
407 1806 440 1836 h.
458 1817 484 1836 e.
502 1808 610 1844 novit,

44 1852 79 1879 in
92 1852 180 1882 tenui
192 1851 252 1881 hac
264 1851 408 1889 fortuna,
422 1852 538 1882 humili
551 1851 613 1882 hoe

44 1897 136 1934 loco,
163 1907 307 1927 securam
331 1897 392 1927 sibi
412 1897 479 1927 fore
496 1899 609 1936 vitam3

44 1953 84 1971 ex
108 1953 219 1985 magna
242 1943 369 1973 fortuna
385 1954 417 1973 se
438 1943 530 1983 dejici
546 1954 613 1975 non

42 1999 151 2029 posse3
175 1995 285 2019 contra
297 1996 442 2029 potentes
455 1997 487 2019 et
501 1990 613 2020 divites

36 2042 146 2065 metus
162 2035 216 2065 hic
240 2036 334 2076 agitat
356 2037 546 2073 continuus,
571 2046 613 2069 no

43 2081 159 2121 opibus
186 2081 251 2111 suis
281 2081 440 2112 excidant.
463 2100 508 2105 -—
533 2088 609 2122 490.

0 2152 5 2156 .
44 2127 108 2166 Qui
124 2128 248 2167 potuit,
276 2127 315 2157 ad
338 2127 470 2158 formam
485 2130 609 2167 aoristi,

41 2174 98 2212 qui
113 2181 227 2214 potest.
244 2191 289 2197 -—-
306 2180 383 2215 491.
402 2174 611 2205 Ineluctabile

249 2239 280 2274 1.
480 2256 498 2264 -

670 419 766 455 VIII,
786 418 851 452 334
865 416 993 447 scilicet.
1011 434 1056 439 -—
1075 422 1151 457 492.
1171 420 1238 448 Me-

671 471 719 493 tus
736 475 777 494 ex
794 463 1073 504 superstitionibus
1091 463 1239 505 fifilsisque

670 510 876 552 opinionibus
899 517 1007 547 natos,
1032 510 1177 550 inprimis
1200 511 1239 540 de

669 556 733 586 fato
763 563 794 586 et
809 556 847 586 de
865 556 984 587 inferis.
1000 558 1126 587 Lucret.
1143 558 1158 586 I
1169 580 1177 593 ‚
1197 568 1226 597 7ι

672 604 779 642 Quare
798 602 921 643 relligio
938 602 949 643 (
964 603 1145 642 superstitio
1159 601 1171 643 )
1180 615 1240 643 pe-

670 648 758 677 dibus
767 648 906 690 subjecta
918 648 1058 677 vicissim
1071 648 1238 680 obteritur.

669 690 774 724 Mestus
782 694 934 735 subjectos
943 694 1015 724 vide
1024 695 1100 725 ibid.
1114 696 1153 733 67
1171 707 1239 737 sqq.

675 751 736 770 102
748 751 814 781 sqq.
826 743 856 770 V
870 764 878 778 ‚
903 752 915 770 1
928 742 987 780 193
1012 751 1078 780 sqq.
1102 743 1151 770 III
1163 765 1172 779 ‚
1199 749 1238 778 14

670 789 756 817 Echm
780 787 874 816 simul
896 797 935 816 ac
960 787 1052 816 Ratio
1074 794 1129 816 tua
1148 789 1242 828 coepie

668 832 853 875 vocg'fi'rari,
866 835 1025 863 Naturam
1039 844 1142 863 rerum
1153 834 1243 864 haud

669 879 778 909 divina
814 887 919 909 mente
944 887 1102 917 coortam,
1131 882 1239 910 Diffu-

668 927 761 967 giunt
797 927 893 956 animi
916 924 1054 956 'terrores
1068 949 1077 961 ‚
1120 928 1239 957 moem'a

671 971 783 1001 mundi
808 973 999 1010 Discedunt,
1023 980 1122 1002 totum
1139 973 1238 1003 'video

663 1029 726 1059 per
738 1020 843 1048 Inane
854 1019 927 1059 geri
940 1030 988 1048 res
993 1031 1006 1055 ;
1022 1021 1168 1059 Apparet
1181 1020 1238 1050 Di-

670 1076 739 1095 vum
760 1076 878 1094 numen
901 1065 1050 1106 sedesque
1063 1067 1178 1106 quietae
1192 1085 1238 1089 —-

670 1113 716 1141 At
740 1120 853 1141 contra
888 1122 1044 1152 nusquam
1079 1122 1240 1152 apparent

670 1158 843 1188 Acherusia
859 1158 989 1198 templa.
1006 1159 1173 1199 Strepitum
1192 1162 1238 1189 A-

669 1204 827 1234 cheruntis
841 1215 882 1235 ex
900 1207 1025 1235 Lucret.
1047 1206 1113 1241 ΙΙΙ,
1130 1206 1169 1243 37
1195 1208 1240 1235 Ec

671 1259 770 1282 melus
778 1251 1070 1292 illeforasproeceps
1077 1250 1240 1281 Acherun—

670 1298 710 1328 tis
722 1297 867 1339 agendus
880 1297 1044 1334 Funditus,
1062 1297 1238 1328 humanam

669 1345 727 1384 qui
739 1343 845 1373 vitam
867 1344 972 1373 turbat
990 1344 1031 1373 ab
1049 1343 1135 1380 1'm0;
1161 1346 1238 1374 Om-

671 1390 725 1419 m’a
742 1401 776 1419 su
785 1389 931 1432 fundens
955 1389 1063 1420 mortis
1086 1391 1212 1432 nigrore
1226 1403 1238 1421 .-

670 1447 773 1477 neque
800 1437 899 1466 ullam
928 1438 1006 1466 Esse
1036 1437 1237 1477 voluptatem

662 1493 780 1524 puram
817 1482 1035 1523 liquidamque
1074 1483 1237 1524 relinquit.

669 1529 840 1570 Quomodo
857 1529 949 1559 illum
964 1536 1084 1559 metum
1102 1531 1240 1571 expeUat

669 1587 699 1606 V.
728 1575 797 1606 eod.
818 1576 909 1606 ‘libro
933 1577 1000 1614 ΙΙΙ,
1029 1577 1093 1611 842
1108 1593 1155 1598 —
1169 1588 1233 1617 907

670 1622 708 1651 ad
722 1622 830 1653 finem.
846 1621 930 1652 conf.
951 1624 1059 1653 Senec.
1079 1623 1118 1652 de
1127 1624 1235 1654 Benef.

668 1671 732 1698 VII
744 1691 752 1706 ‚
767 1680 794 1699 1.
815 1670 895 1699 Nam
911 1669 944 1697 in
969 1669 1145 1700 rationibus
1156 1693 1165 1707 ‚
1189 1680 1237 1701 ar·

667 1715 906 1756 gumentisque,
925 1725 942 1744 a
961 1715 1078 1754 quihus
1095 1716 1149 1745 illa
1163 1727 1236 1756 per-

666 1763 771 1793 suasio
789 1760 917 1791 ducitur
927 1783 936 1799 ,
951 1760 1123 1792 discrimen
1152 1763 1237 1792 inter

666 1817 774 1846 sanan
799 1813 830 1837 et
847 1809 988 1838 insanam
1002 1806 1236 1849 philosophiam

667 1855 818 1883 cernitur.
836 1855 939 1894 Quam
958 1860 1068 1884 ornate
1084 1854 1153 1884 haec
1169 1854 1235 1885 dic-

667 1906 698 1929 ta
712 1900 777 1930 sint
796 1900 950 1942 intelliges
961 1922 970 1937 ‚
995 1901 1022 1931 si
1039 1907 1166 1942 reputes
1184 1901 1233 1931 ni-

665 1944 712 1975 hil
734 1944 820 1975 aliud
842 1944 909 1975 haec
934 1956 1017 1983 esse,
1041 1957 1137 1987 quam
1154 1957 1162 1978 τ
1178 1958 1235 1978 na-

665 1997 737 2021 tura
753 2002 860 2021 rerum
874 1993 934 2022 rite
951 1993 1088 2034 cognita,
1105 2004 1166 2024 nec
1188 1994 1233 2023 fa-

667 2043 734 2068 tum
753 2048 812 2067 nec
830 2046 965 2070 mortem
980 2050 997 2069 a
1012 2046 1043 2069 te
1058 2040 1172 2072 timeri.
1187 2059 1234 2065 --

665 2083 878 2126 Strepitusque
916 2087 1031 2128 Regius
1045 2109 1054 2123 ‚
1085 2093 1116 2117 et
1148 2099 1234 2118 unus

664 2130 769 2161 Mead.
787 2130 976 2163 Acherontis
999 2133 1110 2163 averni
1132 2136 1196 2164 Erf.
1216 2145 1232 2163 a

663 2186 746 2208 man.
762 2187 811 2218 pr.

1024 2241 1070 2278 25
