1408 2428
589 66 710 97 LlssER
736 67 777 96 Π,
1224 66 1285 102 2ςῖτ

33 132 37 133 ’
86 135 277 187 Explicuit
290 132 408 183 legio,
426 137 462 165 et
479 139 612 176 campo
632 126 735 163 stetit
754 138 887 175 agmen
907 135 1059 176 aperto,
1237 137 1285 157 250

87 197 326 243 Directaeque
345 190 460 234 acies,
478 201 520 224 ac
536 187 610 224 late
627 185 785 223 fluctuat
802 185 923 223 omnis

89 260 178 294 AEre
197 251 382 292 renidenti
399 249 529 295 tellus,
546 261 615 285 nec
633 246 723 284 dum
740 245 899 283 horrida
918 247 1076 284 miscent

90 317 241 363 Praelia,
257 314 322 353 sed
339 311 478 349 dubius
494 308 628 346 mediis
646 311 749 346 Mars
767 317 868 346 errat
883 308 922 345 in
938 307 1051 345 armis
1069 321 1076 343 :

92 376 230 415 Omnia
246 374 320 412 sint
335 370 492 422 paribus
505 368 673 406 numeris
691 368 859 407 dimensa
873 368 1042 414 viarum3

91 439 180 475 Non
197 434 362 472 animum
378 428 493 468 modo
511 429 567 465 uti
584 436 712 479 pascat
728 437 950 479 prospectus
969 427 1137 475 inanem;
1245 436 1290 460 285

94 495 169 534 Sed
191 493 280 544 quia
294 504 371 528 non
386 490 494 527 aliter
510 489 610 525 vires
629 488 735 525 dabit
752 488 927 526 omnibus
946 501 1073 538 aequas

94 557 233 599 Terra,
247 563 371 602 neque
384 550 424 586 in
439 561 603 585 vacuum
620 557 800 598 poterunt
817 562 856 586 se
874 547 1078 585 extendere
1095 548 1202 584 rami.

147 613 320 651 Forsitan
335 620 373 647 et
388 608 588 647 scrobibus
608 621 693 658 quae
710 608 784 646 sint
802 608 950 659 fastigia
966 621 1124 660 quaeras.

96 673 229 711 Ausim
242 671 303 708 vel
321 669 425 708 tenni
441 669 557 707 vitem
573 668 809 707 committere
826 669 930 708 sulco
947 683 957 705 t

97 819 137 849 cf.
153 819 225 848 loca
238 816 407 847 Homerica
420 813 534 855 odyss.
551 811 586 850 ξ,
603 813 665 851 267

98 856 144 906 sci.
171 863 260 894 Iliad.
286 873 304 892 τ
333 863 397 892 362
419 871 466 901 sq.
481 862 614 902 Longa,
632 870 669 889 eo

98 913 168 952 ipso
187 910 275 950 quod
295 919 327 938 se
340 908 488 949 explicat.
509 908 590 936 Late
614 906 670 936 tel-

98 958 294 1000 lusfluccuac
316 965 399 991 cere,
426 963 485 994 pro
506 964 560 990 eo,
584 952 671 993 quod

99 1014 141 1034 aes
153 1004 187 1032 in
205 1003 331 1038 tellure,
344 1000 377 1032 h.
392 1010 496 1037 arma,
512 1010 671 1030 armorum

101 1050 220 1091 fulgor,
244 1048 396 1085 fluctuat,
412 1053 573 1083 coruscat,
595 1046 671 1075 dum

99 1101 269 1126 moventur
295 1095 411 1135 passim
435 1104 520 1123 arma
540 1100 571 1123 et
594 1103 672 1123 con-

100 1148 278 1172 vertuntur.
293 1142 343 1172 Sic
357 1140 516 1170 undantes
527 1147 648 1181 segetes
662 1162 670 1175 ‚

97 1189 259 1228 flamma,
281 1186 421 1230 fitmus‚·
447 1185 609 1217 renidenti
632 1197 672 1216 ex

102 1237 229 1266 Lucret.
253 1234 276 1264 l.
298 1234 319 1264 l.
345 1234 422 1264 328.
441 1233 559 1263 Mediis
575 1233 607 1262 in
625 1243 674 1261 ar-

104 1282 182 1317 mis,
209 1283 292 1310 inter
311 1280 376 1310 duo
389 1280 558 1310 exercitus.
585 1281 674 1309 Mars

103 1336 190 1358 errat
212 1327 341 1363 dubius,
365 1327 505 1368 egregie,
529 1336 602 1355 cum
625 1326 674 1354 in-

104 1380 227 1404 certum
243 1373 348 1403 adhuc
363 1379 426 1410 est,
450 1373 489 1402 ab
502 1379 572 1401 utra
587 1378 675 1412 parte

105 1427 137 1449 et
161 1419 289 1459 quando
310 1430 417 1461 pugna
438 1419 567 1448 initium
587 1418 677 1447 habi-

105 1473 176 1495 tura
198 1467 248 1496 sit.
271 1467 352 1496 Nam
375 1465 414 1495 de
433 1472 549 1495 eventu
562 1475 677 1505 pugnae

107 1512 208 1542 dubio
222 1511 275 1540 hic
289 1523 355 1542 non
367 1513 584 1552 quaeritur.——
598 1512 639 1541 28
648 1521 676 1541 1.

107 1560 252 1588 Dereccoe
279 1561 414 1589 Roman.
451 1558 569 1588 Med-ic.
603 1568 677 1587 cum

107 1605 214 1634 multis
224 1627 232 1641 ,
249 1612 286 1634 ut
298 1615 375 1634 mox
387 1605 552 1635 demensa.
561 1622 608 1628 —-
618 1606 677 1634 La-

106 1658 138 1680 to
160 1653 242 1681 Ven.
265 1651 420 1692 Fulgurat
445 1651 586 1681 tentabat
605 1653 673 1682 JOS.

106 1697 325 1728 Schrader.——-
337 1698 413 1728 282.
432 1697 524 1727 Misit
541 1697 674 1728 Mentel.

107 1743 212 1773 miscit
225 1744 363 1774 scribere
382 1743 474 1782 jubet
488 1743 614 1774 Wakes.
638 1743 676 1773 ad

107 1792 231 1820 Lucret.
246 1801 286 1820 ex
305 1791 434 1830 antiqua
456 1790 557 1820 forma
579 1789 676 1819 misce

107 1847 166 1877 pro
183 1836 297 1867 misceo
315 1847 322 1867 :
337 1836 392 1866 sed
405 1836 484 1877 quid
496 1843 599 1866 mutes
612 1836 678 1866 vnl-

108 1890 215 1924 gatum
229 1905 238 1920 ‚
259 1894 357 1923 quum
370 1884 474 1923 ipsum
487 1894 519 1913 se
532 1883 614 1912 bene
626 1883 679 1912 ha-

108 1928 202 1959 beat?
217 1947 262 1952 —
284 1930 349 1965 284
370 1947 416 1953 --
442 1929 518 1959 286.
543 1929 678 1959 Paribus

110 1976 258 2006 numeris.
282 1976 406 2006 Colum.
431 1975 596 2005 ordinetur
628 1975 679 2005 ‘m'-

110 2033 173 2051 nea
193 2021 324 2062 paribus
361 2021 546 2052 intervallis.
582 2022 681 2052 Jubet

108 2070 207 2110 igitur
227 2070 319 2098 Biaro
333 2068 460 2098 ordines
474 2069 587 2098 vitium
600 2079 680 2099 sere-

108 2126 143 2145 re
156 2126 245 2156 pares
257 2138 264 2151 ‚
277 2125 344 2145 non
358 2115 454 2145 modo
471 2114 680 2145 dilectationis

110 2172 227 2198 caussa,
242 2172 335 2202 quam
349 2163 470 2191 animus
482 2173 523 2192 ex
535 2172 682 2203 prospec-

109 2215 144 2238 tu
169 2210 290 2250 capiat,
315 2208 443 2239 animus
467 2208 592 2245 inanis,
621 2220 681 2250 pro

723 813 827 842 animo
845 814 930 850 ejus,
956 813 1012 853 qui
1034 814 1160 842 inanem
1182 813 1294 852 xolup-

722 865 817 889 tatem
829 870 845 888 e
855 865 1026 899 prospectu
1040 859 1141 899 capit3
1158 861 1213 898 qui
1226 870 1297 899 pro-

723 905 779 936 bat
793 916 859 935 rem
870 927 878 941 ,
904 915 975 944 quae
990 912 1112 935 tantum
1131 904 1169 934 ad
1183 906 1297 947 volup-

723 958 820 982 tatem
850 952 925 981 facit
937 974 945 989 ‚
980 952 1102 982 nullam
1128 951 1295 982 utilitatem

723 998 838 1035 habet,
853 1008 924 1039 quae
943 998 1159 1039 patrifamilias
1179 1009 1298 1040 propo—

724 1047 782 1075 sita
796 1056 861 1075 esse
875 1045 965 1075 solet.
978 1063 1026 1069 --
1042 1046 1118 1076 285.
1148 1048 1298 1086 Prospec-

726 1100 773 1122 τηε
802 1091 911 1122 inanis
939 1092 1047 1122 laudat
1078 1094 1251 1122 Burmann.
1280 1105 1295 1121 e

724 1140 877 1169 Britanno
895 1139 967 1169 cod.
990 1139 1044 1169 sed
1064 1146 1111 1169 est
1133 1150 1149 1168 e
1172 1140 1298 1178 conjec-

726 1193 795 1215 tura
813 1187 1014 1226 propositum
1036 1186 1123 1216 docti
1138 1187 1298 1217 Britanni.

729 1232 816 1262 Obss.
831 1232 966 1263 Dliscell.
981 1233 1044 1263 vol.
1061 1234 1075 1262 Ι
1086 1256 1094 1269 ,
1118 1239 1140 1262 t.
1157 1234 1171 1261 I
1182 1255 1190 1269 ‚
1205 1243 1237 1272 p.
1255 1243 1271 1261 2
1291 1242 1297 1261 ;

728 1293 743 1303 «
757 1280 832 1310 Non
848 1279 962 1316 modo,
988 1280 1112 1319 inquit,
1136 1278 1179 1308 ob
1200 1279 1299 1308 solam

729 1325 925 1366 voluptatem
941 1348 949 1362 ‚
980 1335 1052 1365 quae
1077 1336 1119 1355 ex
1150 1336 1299 1366 prospec-

729 1378 765 1401 tu
779 1371 912 1412 profluit
922 1395 930 1407 ,
955 1382 1068 1402 verum
1089 1379 1125 1402 ut
1137 1371 1303 1402 luxurient

729 1419 823 1448 etiam
836 1419 933 1460 magis
947 1418 1084 1449 arbores.
1094 1434 1164 1444 n—
1175 1419 1252 1456 287.
1264 1421 1303 1448 In

730 1466 818 1494 tenui
832 1467 975 1495 oratione
991 1472 1095 1495 tamen
1108 1467 1242 1507 poetica²
1255 1467 1304 1495 in-

730 1511 818 1541 doles
851 1512 1013 1542 elucescit.
1043 1513 1124 1543 Nam
1150 1513 1185 1541 in
1210 1522 1304 1552 prosa

732 1558 839 1588 fuisset
853 1567 860 1588 ε
877 1558 942 1588 Sed
958 1566 993 1588 ut
1007 1566 1092 1588 terra
1107 1558 1162 1588 dec
1173 1565 1233 1589 etc.
1249 1559 1301 1588 vi-

732 1615 779 1633 res
793 1603 884 1634 dabit
894 1616 1004 1646 aequas
1014 1628 1022 1643 ‚
1037 1616 1096 1646 pro
1106 1628 1114 1641 ‚
1129 1616 1218 1646 aeque
1233 1616 1305 1646 sup-

729 1650 885 1691 peditabit
898 1651 1060 1689 alimenta,
1070 1663 1220 1689 succum3
1236 1658 1303 1681 tan-

728 1697 800 1727 dem
814 1697 931 1734 addito,
943 1698 976 1728 in
985 1709 1137 1735 vacuum,
1150 1700 1186 1728 in
1192 1707 1307 1728 aerem.

779 1744 857 1774 288.
880 1746 928 1774 De
952 1745 1117 1775 altitudine
1142 1744 1304 1774 scrobium

730 1791 765 1820 in
783 1790 962 1830 plantandis
985 1793 1085 1821 vineis
1105 1798 1137 1822 et
1159 1791 1305 1821 arbustis,

731 1837 842 1867 Sintne
875 1838 1002 1867 scrobes
1038 1839 1074 1868 in
1107 1837 1305 1878 profundum

732 1883 844 1924 agendi
855 1907 862 1918 ,
877 1885 1040 1923 quaeritur.
1055 1896 1085 1914 v,
1102 1884 1228 1915 Colum.
1246 1886 1305 1917 ΙΙΙ,

736 1931 796 1966 13,
816 1940 855 1967 23
876 1932 934 1966 IV,
954 1941 967 1960 1
985 1942 1033 1971 pr.
1049 1930 1087 1960 de
1110 1931 1176 1961 arb.
1201 1937 1240 1968 4,
1266 1932 1305 1968 33

733 1977 880 2017 Geopon.
897 1979 927 2005 V
938 2000 946 2013 ,
971 1988 982 2006 1
992 1987 1008 2006 2
1021 2000 1030 2014 ,
1059 1988 1112 2018 29.
1127 1976 1305 2019 Fastigiuin

733 2033 793 2063 pro
815 2023 1033 2064 profunditate
1047 2036 1063 2055 e
1076 2035 1110 2054 re
1123 2025 1242 2054 rustica
1254 2035 1307 2065 pe-

735 2070 847 2100 titum.
862 2081 892 2100 v.
916 2070 1055 2101 indicem
1079 2073 1151 2102 AA.
1174 2071 1214 2101 de
1236 2073 1305 2102 RR.

735 2117 901 2147 Rationem
923 2117 1020 2148 habet
1041 2121 1128 2156 eam,
1156 2128 1219 2159 qua
1231 2128 1306 2159 pro-

736 2162 834 2192 funda
859 2165 927 2193 alta
964 2165 1128 2196 dicuntur.
1154 2182 1200 2190 ·-—·
1228 2165 1305 2204 289.

737 2209 847 2241 Sulcas
859 2221 918 2252 pro
932 2212 1052 2244 scrobe.
1062 2214 1249 2243 Mensuram
1262 2213 1310 2251 ip·

1102 2277 1119 2292 ἣ

1054 2289 1098 2315 22
