1408 2428
626 85 745 114 LIBER
769 85 795 113 1.
1246 82 1302 112 147

119 154 177 188 Da
200 148 344 186 facilem
367 156 535 189 cursum,
556 152 668 192 atque
691 139 895 177 audacibus
916 136 1038 174 adnue
1056 133 1205 183 coeptis,
1272 149 1304 166 ψ’

118 213 350 260 Ignarosque
365 206 435 242 viae
450 216 597 241 mecum
611 202 807 238 miseratus
828 196 1000 248 agrestis,

119 270 341 321 Ingredere,
361 276 398 304 et
413 266 510 302 votis
526 265 604 315 jam
622 275 722 299 1111110
740 261 917 297 adsuesce
933 255 1073 293 vocari.

170 334 268 368 Vere
283 341 402 373 novo,
417 325 560 377 gelidus
580 323 681 361 canis
701 334 818 371 quum
833 317 1023 356 montibus
1038 315 1176 351 humor

119 392 315 441 Liquitur,
330 398 367 426 et
383 388 558 437 Zephyro
573 384 694 435 putris
710 395 748 419 se
765 380 873 431 gleba
887 376 1059 420 resolvit,

119 454 305 500 Depresso
320 447 475 497 incipiat
485 447 563 496 jam
584 453 663 481 tum
679 441 772 478 mihi
788 449 917 476 taurus
935 444 1060 472 aratro
1271 437 1302 464 15

117 513 333 560 Ingemere‚
353 516 389 544 et
409 506 511 543 sulco
531 503 690 541 adtritus
709 498 966 550 splendescere
980 504 1121 531 vomer.

117 570 185 606 Illa
199 582 303 618 seges
323 567 474 604 demum
493 564 589 601 votis
608 559 810 611 respondet
828 556 932 594 avari

119 629 324 679 Agricolae,
345 626 403 663 bis
421 637 504 675 csuae
519 623 653 669 solem,
672 620 730 658 bis
749 619 891 668 frigora
911 613 1041 659 sensit3

119 787 258 809 -curet
270 778 365 815 nolit,
376 777 524 807 noluerit.
535 786 566 804 v.
577 776 684 804 Burm.

119 825 227 855 Videri
240 831 343 865 potest
358 823 494 852 fabulam
509 820 546 849 de
562 822 685 849 Proser-

120 873 193 911 pina
208 872 361 909 respicere
372 892 380 906 ,
404 878 474 908 quae
494 875 580 895 nunc
595 866 685 903 igno-

118 925 216 946 ratur.
232 917 311 946 'Nam
326 916 360 944 in
370 913 491 954 vulgari
508 911 686 940 narratione

118 962 302 1001 Proserpina
325 960 424 989 invita
447 969 463 987 a
485 957 619 988 Plutone
639 965 686 984 re-

103 1005 237 1038 Ξ1111111111*
245 1017 255 1050 3
275 1013 306 1036 et
324 1011 458 1035 comesta
481 1003 554 1032 mali
575 1002 687 1031 Punici

101 1065 103 1068 ⁴
118 1064 212 1094 grana
237 1052 301 1082 huc
326 1053 383 1081 vix
411 1050 521 1079 referri
541 1054 684 1088 possunt.

118 1101 185 1130 Nisi
200 1100 244 1129 sic
258 1098 363 1138 potius
378 1103 470 1137 poeta
485 1095 606 1124 djctum
621 1102 685 1122 esse

118 1145 241 1181 x'oluit3
270 1154 328 1173 1100
360 1143 546 1181 Proserpina
575 1149 662 1168 nunc
676 1161 683 1175 ‚

118 1191 238 1222 etiamsi
251 1200 267 1218 a
281 1196 377 1218 matre
386 1193 555 1218 revocetur
564 1208 571 1222 ‚
585 1184 687 1213 redire

117 1236 192 1266 inde
206 1235 282 1266 velit
297 1245 304 1265 :
324 1234 401 1264 adeo
420 1240 501 1262 amat
516 1241 604 1261 nunc
618 1231 688 1260 loca

119 1282 228 1312 infera.
254 1298 300 1303 —
324 1287 378 1316 41.
403 1281 528 1309 illecum
557 1276 685 1306 misera-

120 1335 169 1357 tus
192 1328 290 1368 junge
319 1323 556 1365 interpretando
586 1332 593 1352 :
615 1332 686 1358 seu,

121 1383 241 1402 mecum
266 1372 446 1413 ingredere,
471 1370 591 1407 incipe,
611 1367 643 1396 h.
666 1367 686 1395 l.

121 1418 197 1447 dum
216 1417 295 1446 mihi
311 1417 396 1452 ades,
411 1416 504 1444 faves.
521 1416 567 1442 Ita
584 1412 689 1452 ingre-

122 1463 158 1493 di
169 1474 198 1492 v.
216 1473 243 1492 c.
259 1464 306 1498 ΙΙ,
327 1473 338 1490 1
348 1467 401 1499 74,
417 1459 474 1489 tibi
487 1469 535 1488 res
548 1457 689 1497 antiquae

123 1508 227 1538 laudis
249 1515 281 1537 et
301 1507 378 1537 arcis
398 1504 575 1546 Ingrediar.
599 1502 690 1533 Adde

124 1557 194 1585 AEn.
218 1555 280 1590 IV,
301 1564 358 1590 107
373 1564 381 1589 ;
397 1553 496 1588 VIII,
525 1550 606 1585 5133
624 1550 688 1585 XI,

125 1606 201 1638 ⁰504.
211 1617 257 1621 —
269 1605 321 1634 42.
338 1601 412 1628 Jam
423 1607 508 1626 nunc
521 1596 670 1625 adsuesce
680 1616 688 1631 ‚

122 1652 234 1686 utpote
247 1645 324 1674 deus
338 1644 476 1673 futurus.

170 1693 221 1735 43⁴
236 1708 282 1714 —
304 1697 356 1728 47.
381 1690 462 1719 Cum
489 1688 592 1728 primo
618 1696 691 1715 vere

123 1736 220 1767 aratio
234 1735 424 1766 instituenda
433 1741 496 1764 est:
514 1733 551 1762 ad
561 1732 691 1762 ductum

123 1783 254 1813 Hesiodi
278 1784 313 1812 E.
337 1781 400 1817 458
425 1791 492 1820 sqq.
502 1802 510 1815 ‚
533 1785 608 1808 011111
634 1778 691 1806 nix

124 1829 286 1868 liquescit,
302 1834 333 1857 et
346 1834 446 1864 terra,
463 1837 479 1856 a
494 1825 609 1866 frigore
619 1833 692 1852 con-

127 1875 244 1911 stricta,
255 1873 368 1914 tepidae
383 1882 466 1902 auroe
480 1871 587 1901 afflatu
594 1868 690 1898 resol-

127 1921 224 1950 vitur.
250 1919 353 1949 Putris
367 1936 412 1941 —-
424 1917 536 1959 gleba,
553 1915 691 1946 emollita

130 1973 238 2006 tepore
249 1987 257 2002 ‚
270 1964 407 1994 resoluta
424 1970 455 1993 et
481 1969 588 1992 tenera
598 1983 606 1998 ,
618 1970 691 1989 011111

129 2018 217 2041 antea
225 2017 304 2041 esset
311 2010 383 2051 gelu
394 2009 549 2038 adstricta.
559 2018 591 2036 v.
602 2005 640 2034 ad
650 2006 691 2041 ΙΙ,

131 2063 208 2093 ²04·
231 2075 278 2080 —
305 2056 347 2092 45
369 2065 415 2095 sq.
445 2057 550 2094 Quam
586 2057 694 2081 ornate

129 2114 188 2144 pro
205 2113 212 2133 :
231 2104 295 2141 jam
317 2108 386 2131 tum
401 2100 548 2130 arationis
568 2098 695 2127 initium

130 2149 308 2179 faciendum
330 2147 392 2177 est!
412 2149 536 2177 Lucret.
560 2146 608 2180 V,
630 2152 695 2181 209

129 2195 183 2226 vis
198 2195 340 2225 humana
351 2211 397 2216 —-
411 2191 525 2223 valido
546 2195 696 2220 consueta

737 769 859 800 bidenti
872 769 1038 807 Ing-emere
1051 770 1080 791 ec
1094 769 1207 790 terram
1218 768 1305 798 pres-

737 816 778 845 sis
796 811 999 854 proscindere
1029 806 1153 837 aratris.
1177 822 1222 827 —
1252 804 1303 838 4⁴3.

740 860 847 890 Vomis
864 857 981 888 Medic.
1001 866 1017 884 a
1040 863 1123 882 man.
1145 861 1205 880 see.
1235 856 1303 877 tert.

740 905 871 937 Mentel.
891 906 967 943 Reg.
985 912 1000 930 a
1014 909 1097 929 man.
1118 907 1179 926 see.
1193 912 1239 918 -—
1251 901 1303 931 47.

742 952 815 982 Voti
830 953 922 981 Rom.
939 946 1042 977 avaris
1060 942 1183 974 Zuh‘ch.

787 1002 943 1035 47—49.
960 996 1004 1024 At
1026 991 1123 1021 aratio
1142 990 1252 1018 iterato
1268 987 1306 1014 fa-

740 1043 850 1074 cienda
864 1049 925 1077 est,
943 1047 979 1070 ut
988 1042 1161 1079 proventus
1177 1033 1241 1073 agri
1256 1041 1309 1059 xo-

738 1092 777 1120 tis
792 1087 988 1129 respondeat.
1015 1083 1079 1114 Illa
1101 1090 1189 1122 seges
1201 1095 1247 1101 -—-
1263 1077 1307 1105 bis

739 1147 810 1177 φατε
841 1134 954 1168 solem,
979 1129 1023 1160 bis
1047 1128 1173 1169 frigora
1199 1123 1307 1153 sensit.

741 1184 837 1222 Seges
854 1180 886 1209 h.
909 1180 930 1209 l.
953 1184 998 1206 est
1014 1183 1110 1210 terra,
1127 1182 1207 1212 ager.
1230 1172 1305 1199 Tre-

739 1227 850 1268 pidant
862 1226 896 1254 in
911 1224 942 1254 h.
959 1224 980 1252 1.
1004 1223 1143 1259 Interpp.
1157 1218 1220 1255 jani
1235 1214 1308 1244 inde

741 1284 757 1302 a
773 1272 877 1303 Probo
889 1294 897 1308 ,
911 1276 947 1299 ut
958 1271 1149 1306 componant
1158 1263 1224 1292 haec
1236 1271 1308 1289 cum

741 1319 879 1348 aratione
906 1316 996 1344 tertia
1008 1335 1015 1349 ‚
1041 1321 1103 1350 qua
1119 1308 1216 1348 vulgo
1233 1316 1309 1335 cou-

741 1370 801 1393 stat
825 1363 886 1391 seri
908 1360 1035 1389 solitum
1064 1356 1178 1389 fuisse,
1204 1354 1247 1382 ita
1275 1356 1312 1380 ut

741 1418 814 1438 vere
840 1408 969 1435 ineunte
995 1412 1065 1443 ager
1091 1396 1311 1440 proscindere-

742 1461 811 1489 tur,
828 1458 930 1482 aestate
944 1451 1125 1482 iteraretur,
1138 1450 1311 1473 auctumuo

742 1500 921 1528 tertiaretnr
934 1519 942 1532 ,
969 1502 1062 1534 atque
1090 1493 1133 1521 ita
1164 1488 1310 1519 semenn's

742 1544 842 1574 fieret.
859 1541 943 1572 conf.
957 1540 1013 1570 inf.
1031 1550 1047 1568 2
1057 1548 1095 1577 19
1113 1546 1180 1576 sqq.
1194 1542 1224 1564 et
1238 1533 1311 1563 vide

742 1601 773 1620 V.
786 1600 812 1620 c.
832 1589 956 1619 Colum.
974 1587 1024 1622 11,
1043 1591 1061 1619 4
1080 1590 1111 1613 et
1126 1583 1174 1618 ΙΙ,
1192 1582 1221 1610 8.
1239 1579 1310 1608 add.

743 1637 831 1666 Arat.
848 1635 986 1664 Diosem.
1012 1632 1073 1660 321
1095 1639 1141 1668 sq.
1160 1629 1204 1656 At
1227 1627 1312 1654 enim

743 1683 766 1711 ii
783 1680 943 1722 agricolae,
961 1678 1016 1717 qui
1039 1678 1073 1705 in
1089 1681 1170 1704 terra
1184 1673 1244 1701 rite
1260 1681 1313 1699 su-

743 1726 879 1768 bigenda
894 1733 1047 1754 summam
1067 1720 1201 1750 culturae
1218 1727 1315 1756 pone-

744 1774 831 1810 bant,
842 1778 953 1812 quater
975 1768 1104 1798 arabant
1114 1789 1122 1803 ‚
1139 1763 1234 1793 semel
1244 1763 1315 1801 qui-

744 1819 835 1856 dem,
849 1820 912 1857 jam
932 1815 992 1846 sub
1015 1813 1112 1843 finem
1130 1810 1313 1842 auctumni,

744 1873 814 1895 tum
835 1874 909 1893 vere
936 1862 1010 1891 anni
1033 1857 1190 1897 sequentis
1205 1877 1213 1892 ,
1238 1864 1314 1883 mox

745 1917 849 1940 aestate
860 1932 868 1946 ‚
893 1907 1018 1938 tandem
1036 1909 1223 1936 auctumno‚
1241 1910 1313 1929 cum

745 1956 872 1985 sationis
893 1961 1018 1992 tempus
1031 1951 1171 1979 instaret.
1195 1947 1314 1976 Graecis

746 2002 778 2031 id
785 2001 925 2030 sollenne
935 1998 1028 2027 fuisse
1037 1994 1174 2029 videtur,
1185 1999 1222 2022 ut
1229 1991 1313 2021 colli-

746 2058 797 2088 gas
805 2057 845 2075 ex
854 2044 1013 2084 Theophr.
1024 2043 1130 2072 Causs.
1141 2039 1241 2069 Plant.
1253 2038 1312 2072 111,

748 2104 775 2123 0.
786 2103 802 2121 2
810 2093 828 2121 5
840 2101 847 2121 :
859 2087 913 2121 καὶ
923 2088 994 2120 ὅταν
1005 2084 1085 2131 μετὰ
1095 2083 1163 2119 τοὺς
1173 2082 1312 2125 πρώτους

750 2136 876 2180 ἀρότους
896 2133 1026 2165 νεοίσωσι
1048 2140 1107 2164 etc.
1138 2133 1208 2161 Hoc
1237 2139 1312 2158 vero

749 2184 919 2220 faciebant,
937 2181 1075 2212 utsolem
1090 2186 1120 2209 ec
1123 2176 1230 2219 fiigus
1239 2185 1317 2215 ager
