1408 2428
583 88 701 117 LIBER
726 88 767 116 H.
1200 97 1260 123 271:

82 141 251 177 Thesidae
269 154 444 190 posuere,
462 150 573 190 atque
592 142 689 177 inter
710 143 842 190 pocula
863 143 936 178 laeti

83 199 259 235 Mollibus
275 200 313 235 in
331 199 444 248 pratis
461 209 592 236 unctos
611 200 741 236 saliere
756 213 824 248 per
839 210 953 236 utres.

81 262 159 294 Nec
174 272 247 295 non
269 259 442 305 Ausonii,
460 260 571 309 Troja
587 272 674 308 gens
694 259 822 304 missa,
841 259 963 295 coloni
1216 268 1261 290 383

81 318 258 355 Versibus
278 318 447 355 incomtis
467 318 599 354 ludunt
617 317 769 366 risuque
787 318 928 362 soluto,

81 442 220 481 (diversa
241 442 366 482 quidem
383 450 413 472 et
435 442 501 471 haec
525 454 539 472 a
565 444 642 472 Dio-

82 487 179 526 nysiis
194 487 338 522 urbanis,
357 499 411 517 seu
435 488 638 528 majoribus),

82 534 179 562 auctis
206 540 309 563 tamen
337 534 424 563 urbis
451 534 580 573 opibus,
609 545 643 563 ea

79 580 268 618 praecipuam
297 579 506 608 celebritatem
536 590 643 609 conse-

81 631 177 663 quuta
199 632 287 659 sunt,
311 632 347 653 ut
363 625 481 654 diversa
498 625 589 664 plane
605 626 644 654 ab

80 669 236 698 ruralibus
251 670 393 699 habenda
413 672 490 706 sint,
513 677 549 699 ut
571 681 644 699 cum

80 716 242 754 exquisita?
258 715 409 745 doctrinae
425 717 515 755 copia
529 715 567 744 ad
581 718 642 746 He-

80 760 224 800 sychium
253 760 290 790 ad
314 760 468 800 liquidum
497 762 645 801 perduxit

81 806 306 843 Ruhnkenius,
331 807 364 835 in
388 808 471 846 App.
497 824 542 828 —
568 808 642 837 382.

84 851 199 891 Vulgg.
227 854 376 892 Ingenles
400 852 451 881 vel
479 851 616 892 ingentis
633 864 643 881 .-

81 904 164 926 recte
192 899 360 927 Burmann.
390 897 527 937 ingeniis
553 909 643 937 repo-

81 944 161 979 suit,
192 953 231 972 ex
265 944 484 982 antiquissimis
515 944 606 972 Pierii
634 953 642 973 ;

81 989 125 1017 sic
139 990 260 1018 Lueret.
277 990 322 1025 ΙΙ,
342 999 354 1017 1
366 999 377 1017 1
390 1011 398 1025 ,
420 995 538 1017 certare
554 989 642 1029 inge-

81 1044 145 1064 mo.

111 1081 128 1109 3
135 1081 186 1115 84.
196 1080 325 1109 Saluere
334 1082 539 1110 vetustissima
549 1082 643 1120 scrip-

79 1132 161 1162 tm=a;
177 1126 244 1163 alii,
262 1133 299 1155 ut
319 1127 559 1166 pronuntiatum
578 1127 641 1164 jam

77 1171 152 1200 olim
163 1193 171 1207 ‚
198 1171 322 1201 saliere.
340 1189 385 1194 —-
401 1163 619 1213 Ᾱσκω),ια.σμ.“ος
631 1195 638 1208 ,

75 1217 109 1246 in
132 1218 293 1257 Dionysiis
315 1219 463 1257 paganis,
485 1217 545 1251 τοῖς
568 1220 639 1246 κατ’

76 1260 203 1305 ἀγροὺς,
225 1263 390 1300 sollemnis,
414 1263 499 1292 lusus
516 1264 638 1292 notissi-

74 1318 142 1337 mus
153 1331 161 1345 ⁷
177 1318 270 1347 quein
286 1310 377 1338 etiam
392 1309 425 1337 in
440 1308 542 1347 lapide
556 1308 638 1348 apud

75 1354 207 1382 Gorium
228 1355 373 1392 Inscript.
397 1355 519 1383 Etrusc.
543 1361 565 1383 t.
590 1356 636 1390 ΙΙ,

72 1410 104 1438 p.
127 1400 205 1432 105,
223 1400 364 1438 conspici
378 1409 468 1438 posse
481 1400 542 1436 jam
558 1400 636 1428 Bur-

73 1455 176 1474 mann.
202 1445 338 1480 notavit‚
362 1451 393 1473 et
416 1454 509 1484 quem
524 1446 636 1484 passim

72 1490 104 1519 in
127 1490 255 1529 gemmis
271 1496 302 1518 et
324 1490 532 1519 marmoribus
547 1490 634 1520 exhi-

71 1535 172 1564 bitum
193 1535 296 1564 videas
316 1534 367 1575 (v.
386 1536 520 1565 Gorium
535 1538 632 1566 Inscr.

70 1583 191 1611 Etrusc.
214 1581 235 1611 l.
257 1581 277 1610 l.
305 1580 396 1610 Adde
418 1591 448 1610 v.
472 1592 499 1611 c.
518 1583 635 1611 Gorlaei

70 1626 263 1667 Dactylioth.
274 1633 296 1656 t.
308 1627 354 1662 ΙΙ,
365 1637 396 1656 n.
411 1627 499 1667 508).
514 1628 633 1657 Utrc’um

70 1673 129 1701 fuit
141 1682 230 1709 uSUS‚
245 1673 316 1712 quia
328 1673 363 1701 in
379 1671 504 1702 eosdem
517 1680 547 1702 et
561 1675 634 1702 vina

70 1730 86 1747 e
102 1718 231 1747 lacubus
255 1717 488 1755 transfundere,
511 1725 542 1748 et
557 1729 633 1748 uvas

71 1764 108 1792 ad
124 1764 261 1794 torcular
281 1763 444 1803 deportare
465 1775 532 1794 mos
556 1772 630 1794 erat.

71 1820 100 1838 v.
115 1809 198 1849 apud
208 1809 295 1839 Com.
306 1809 345 1838 de
358 1809 489 1847 δίῃ-1ης,
506 1810 634 1840 Ιίεειιείί

70 1854 217 1894 d'Antiq.
235 1862 255 1884 t.
276 1857 312 1889 V,
326 1855 374 1893 pl.
394 1855 446 1885 58.

118 1901 194 1930 385.
213 1900 222 1939 [
236 1900 372 1929 Coloni:
388 1911 454 1930 non
475 1899 527 1929 hic
552 1900 630 1941 agri-

72 1946 148 1975 colae
176 1945 365 1984 accipiendi,
405 1945 458 1974 sed
487 1947 631 1984 Trojani,

73 1994 167 2021 AEnea
187 1991 283 2026 duee,
306 1991 409 2027 missi,
433 1990 471 2019 ad
493 1990 632 2020 incolen-

32 2057 41 2064 .
72 2037 147 2066 dam
179 2035 375 2075 Ausoniam]
404 2053 450 2058 —
475 2037 506 2065 A
541 2036 634 2076 Troja

70 2081 155 2112 Leid.
173 2090 205 2111 ec
230 2082 258 2110 T
255 2080 324 2121 roja
346 2083 424 2121 Reg.
445 2082 573 2112 Martin.
589 2100 635 2105 —

74 2128 149 2158 386.
182 2127 316 2166 Rituque
345 2122 482 2163 solutos
501 2134 531 2157 et
560 2138 635 2158 mox

75 2174 155 2210 388,
172 2175 217 2204 Ec
239 2180 283 2209 te,
311 2172 451 2208 Bacche,
478 2181 600 2204 canunt
619 2184 636 2203 a

698 442 796 472 Cerda
826 442 955 472 editum.
992 459 1036 464 —-
1070 442 1259 481 385—389.

695 488 847 517 Liberalia
871 487 995 527 quidem
1025 490 1132 517 Roma»
1158 498 1261 516 mense

695 535 810 563 Martio
842 533 1087 562 celebrabantur.
1124 535 1163 562 Et
1195 533 1261 562 hzrc

696 580 866 619 respexisse
891 579 988 608 videri
1025 585 1127 618 potest
1153 585 1259 617 poeta,

697 626 722 653 si
737 636 767 653 v.
791 626 855 663 390
872 624 1049 654 adverteris.
1067 624 1125 654 Sed
1148 624 1259 652 festum

696 670 810 699 Bacchi
826 670 1062 700 celeberrimum
1074 669 1263 699 vindemiam

697 715 808 744 factam
838 717 994 755 excepisse
1023 715 1158 745 videtur.
1194 716 1261 744 Fie—

697 761 788 797 bant,
810 763 857 790 uti
875 763 909 790 in
936 761 1014 790 festo
1038 768 1109 801 post
1132 771 1261 790 messem

698 806 855 836 conditam
870 806 946 846 (vid.
966 808 1074 836 Horat.
1098 808 1195 846 Epist.
1213 808 1260 841 ΙΙ,

702 862 714 880 1
727 875 735 888 ‚
758 858 818 887 140
829 851 840 892 )
852 875 860 888 ‚
880 862 936 891 per
950 861 1044 892 pagos
1058 852 1157 880 multa
1179 852 1260 880 ludj-

698 908 747 926 cra
765 908 772 927 :
788 898 887 938 pubes
903 898 1017 926 rustica
1028 919 1036 934 ‚
1053 904 1216 938 personata
1231 904 1263 926 et

696 943 789 972 larvis
804 954 820 972 e
841 944 957 972 cortice
973 943 1060 972 factis
1075 953 1128 972 ora
1144 943 1263 972 habens

697 989 848 1026 obducta,
872 999 937 1018 non
953 989 1048 1018 modo
1066 989 1199 1027 jaciebat
1212 990 1260 1027 jo-

698 1045 750 1064 cos
766 1043 796 1064 et
818 1035 946 1064 dicteria
967 1036 1001 1063 in
1023 1042 1260 1074 praetereuntes3

696 1091 789 1120 quam
805 1080 970 1109 vindemiae
984 1080 1141 1110 licentiam
1160 1079 1261 1109 adhuc

696 1128 730 1155 in
758 1126 845 1155 Italia
869 1128 973 1165 vigere
996 1126 1182 1163 observant,
1205 1127 1259 1165 qui

693 1183 733 1200 ex
749 1173 811 1201 oris
832 1171 893 1200 illis
916 1171 954 1200 ad
974 1182 1032 1201 nos
1057 1172 1205 1207 veniunt:
1229 1178 1260 1200 et

692 1228 746 1246 sua
778 1225 865 1246 aetate
894 1218 1053 1247 Ausonius
1088 1223 1193 1245 narrat
1225 1218 1258 1245 in

692 1263 834 1300 Mosella,
851 1274 861 1291 1
868 1262 887 1291 6
896 1273 969 1291 1---1
977 1263 1018 1291 68
1029 1273 1037 1299 ;
1048 1272 1157 1291 verum
1167 1263 1258 1291 etiam

692 1308 832 1338 'versibus
857 1308 1020 1343 incomtis,
1048 1318 1087 1336 ex
1118 1314 1258 1347 tempore

689 1354 795 1383 effusis
808 1354 819 1394 (
830 1354 1037 1393 Improvisare
1052 1364 1137 1382 nunc
1152 1354 1256 1392 appel-

689 1399 756 1428 lant
769 1399 831 1429 hoc
852 1399 935 1428 idem
956 1398 1067 1438 Itali);
1084 1406 1114 1427 et
1129 1399 1195 1428 haec
1212 1406 1257 1428 est

690 1446 881 1474 Fescennina
893 1445 1018 1474 licentia
1028 1455 1077 1484 ap.
1088 1446 1195 1474 Horat.
1208 1446 1237 1473 ΙΙ
1247 1468 1254 1481 ,

689 1492 768 1530 Epp.
800 1492 831 1527 Ι,
868 1491 949 1527 1453
980 1490 1132 1519 canebant
1159 1501 1255 1529 porro

686 1536 822 1576 hymnos
837 1537 872 1566 in
894 1536 1008 1566 Bacchi
1029 1536 1201 1572 honorem,
1224 1543 1254 1564 et

687 1581 816 1617 oscilla,
838 1580 952 1624 αἰώρας
972 1582 1036 1623 (cf.
1057 1581 1189 1611 Valken.
1216 1582 1254 1610 ad

687 1627 845 1657 Theocrit.
863 1638 894 1668 p.
915 1628 979 1663 246
991 1627 1014 1668 ),
1038 1627 1070 1656 h.
1092 1628 1212 1663 larvas,
1237 1638 1254 1655 e

687 1673 858 1703 corticibus
880 1673 990 1710 factas,
1016 1673 1121 1713 quales
1147 1674 1254 1702 etiam-

686 1729 764 1748 num
779 1720 813 1748 in
832 1720 1043 1749 monumentis
1061 1725 1252 1753 occurrunt,

686 1774 725 1793 ex
748 1764 912 1794 arboribus
933 1763 1164 1805 suspendebant
1187 1773 1194 1793 ι
1219 1775 1253 1793 ea

684 1809 716 1840 h.
743 1810 763 1839 l.
791 1810 918 1845 mollia,
947 1810 979 1839 h.
1008 1809 1151 1845 mobilia,
1175 1819 1272 1848 pens

685 1855 767 1886 dala.
790 1858 871 1886 Sunt
897 1865 1025 1896 gemma:
1049 1855 1116 1884 haec
1140 1854 1252 1884 oscilla

684 1901 852 1931 referentes
867 1910 874 1931 :
889 1911 984 1929 unam
999 1900 1145 1930 exhibuit
1157 1902 1253 1940 Spen-

687 1949 753 1976 cius
770 1947 925 1985 Polyme&
950 1946 995 1975 Pl.
1022 1948 1101 1982 XX,
1127 1944 1180 1985 fig.
1203 1956 1220 1974 2
1243 1956 1251 1976 :

687 1993 791 2032 plures
806 2003 836 2021 v.
851 2002 877 2021 c.
893 1993 1070 2032 Lippertus,
1085 1992 1120 2020 in
1132 1993 1251 2031 Dacty-

686 2037 775 2067 lioth.
794 2036 833 2066 cf.
854 2036 973 2066 pitture
993 2037 1135 2067 d’Ercol.
1152 2044 1174 2066 t.
1192 2038 1250 2073 IV,

687 2094 718 2123 p.
737 2089 787 2118 14.
804 2082 891 2112 Idem
904 2083 1122 2124 elegantissimi
1134 2084 1253 2123 ingenii

687 2129 746 2165 vir,
763 2129 930 2168 Spencius,
950 2129 1102 2169 originem
1118 2135 1149 2157 et
1164 2139 1252 2157 caus-

688 2184 751 2204 sam
766 2174 861 2213 hujus
872 2175 951 2204 ritus
963 2175 998 2204 in
1015 2185 1052 2204 eo
1067 2174 1252 2215 reperiebat,
