<?xml version="1.0" encoding="UTF-8"?>
<!DOCTYPE html PUBLIC "-//W3C//DTD XHTML 1.0 Transitional//EN"
    "http://www.w3.org/TR/xhtml1/DTD/xhtml1-transitional.dtd">
<html xmlns="http://www.w3.org/1999/xhtml" xml:lang="en" lang="en">
 <head>
  <title>
</title>
<meta http-equiv="Content-Type" content="text/html;charset=utf-8" />
  <meta name='ocr-system' content='tesseract 3.04.00' />
  <meta name='ocr-capabilities' content='ocr_page ocr_carea ocr_par ocr_line ocrx_word'/>
</head>
<body>
  <div class='ocr_page' id='page_1' title='image "./operahey01virguoft_0255.png"; bbox 0 0 1408 2428; ppageno 0'>
   <div class='ocr_carea' id='block_1_1' title="bbox 593 68 778 99">
    <p class='ocr_par' dir='ltr' id='par_1_1' title="bbox 593 68 778 99">
     <span class='ocr_line' id='line_1_1' title="bbox 593 68 778 99; baseline 0.016 -3"><span class='ocrx_word' id='word_1_1' title='bbox 593 68 712 99; x_wconf 88' lang='lat' dir='ltr'>LIBER</span> <span class='ocrx_word' id='word_1_2' title='bbox 736 71 778 99; x_wconf 92' lang='lat' dir='ltr'>II.</span> 
     </span>
    </p>
   </div>
   <div class='ocr_carea' id='block_1_2' title="bbox 1216 89 1276 108">
    <p class='ocr_par' dir='ltr' id='par_1_2' title="bbox 1216 89 1276 108">
     <span class='ocr_line' id='line_1_2' title="bbox 1216 89 1276 108; baseline 0.017 -1"><span class='ocrx_word' id='word_1_3' title='bbox 1216 89 1276 108; x_wconf 77' lang='lat'>221</span> 
     </span>
    </p>
   </div>
   <div class='ocr_carea' id='block_1_3' title="bbox 65 121 1274 534">
    <p class='ocr_par' dir='ltr' id='par_1_3' title="bbox 92 121 1028 174">
     <span class='ocr_line' id='line_1_3' title="bbox 92 121 1028 174; baseline 0.011 -18"><span class='ocrx_word' id='word_1_4' title='bbox 92 121 209 170; x_wconf 80' lang='lat' dir='ltr'>Tinge</span> <span class='ocrx_word' id='word_1_5' title='bbox 226 134 327 159; x_wconf 88' lang='lat' dir='ltr'>novo</span> <span class='ocrx_word' id='word_1_6' title='bbox 345 135 491 160; x_wconf 88' lang='lat' dir='ltr'>mecum</span> <span class='ocrx_word' id='word_1_7' title='bbox 512 124 675 174; x_wconf 75' lang='lat' dir='ltr'><strong>dereptis</strong></span> <span class='ocrx_word' id='word_1_8' title='bbox 693 141 803 165; x_wconf 81' lang='lat' dir='ltr'>crura</span> <span class='ocrx_word' id='word_1_9' title='bbox 821 129 1028 168; x_wconf 84' lang='lat' dir='ltr'><strong>cothurnis.</strong></span> 
     </span>
    </p>

    <p class='ocr_par' dir='ltr' id='par_1_4' title="bbox 68 181 1274 301">
     <span class='ocr_line' id='line_1_4' title="bbox 68 181 1111 230; baseline 0.012 -15"><span class='ocrx_word' id='word_1_10' title='bbox 68 220 72 226; x_wconf 94' lang='lat'>.</span> <span class='ocrx_word' id='word_1_11' title='bbox 141 181 330 230; x_wconf 87' lang='lat' dir='ltr'>Principio</span> <span class='ocrx_word' id='word_1_12' title='bbox 350 182 549 221; x_wconf 83' lang='lat' dir='ltr'>arboribus</span> <span class='ocrx_word' id='word_1_13' title='bbox 570 187 674 223; x_wconf 79' lang='lat' dir='ltr'>varia</span> <span class='ocrx_word' id='word_1_14' title='bbox 691 197 746 224; x_wconf 80' lang='lat' dir='ltr'>est</span> <span class='ocrx_word' id='word_1_15' title='bbox 763 198 896 225; x_wconf 83' lang='lat' dir='ltr'>natura</span> <span class='ocrx_word' id='word_1_16' title='bbox 915 190 1084 228; x_wconf 82' lang='lat' dir='ltr'>creandis</span> <span class='ocrx_word' id='word_1_17' title='bbox 1104 206 1111 227; x_wconf 93' lang='lat'><strong>:</strong></span> 
     </span>
     <span class='ocr_line' id='line_1_5' title="bbox 89 240 1274 301; baseline 0.014 -26"><span class='ocrx_word' id='word_1_18' title='bbox 89 240 261 290; x_wconf 78' lang='lat' dir='ltr'>Namque</span> <span class='ocrx_word' id='word_1_19' title='bbox 279 243 376 288; x_wconf 74' lang='lat' dir='ltr'>aliae,</span> <span class='ocrx_word' id='word_1_20' title='bbox 397 244 507 281; x_wconf 83' lang='lat' dir='ltr'>nullis</span> <span class='ocrx_word' id='word_1_21' title='bbox 525 245 721 284; x_wconf 86' lang='lat' dir='ltr'>hominum</span> <span class='ocrx_word' id='word_1_22' title='bbox 739 249 958 298; x_wconf 77' lang='lat' dir='ltr'>cogentibus</span> <span class='ocrx_word' id='word_1_23' title='bbox 970 280 979 298; x_wconf 91' lang='lat'>,</span> <span class='ocrx_word' id='word_1_24' title='bbox 1000 252 1090 301; x_wconf 87' lang='lat' dir='ltr'>ipsae</span> <span class='ocrx_word' id='word_1_25' title='bbox 1247 273 1274 286; x_wconf 71' lang='lat' dir='ltr'>n·</span> 
     </span>
    </p>

    <p class='ocr_par' dir='ltr' id='par_1_5' title="bbox 65 302 1065 358">
     <span class='ocr_line' id='line_1_6' title="bbox 65 302 1065 358; baseline 0.012 -20"><span class='ocrx_word' id='word_1_26' title='bbox 65 335 68 338; x_wconf 82' lang='lat'>.</span> <span class='ocrx_word' id='word_1_27' title='bbox 89 302 231 348; x_wconf 83' lang='lat' dir='ltr'>Sponte</span> <span class='ocrx_word' id='word_1_28' title='bbox 248 317 314 340; x_wconf 81' lang='lat' dir='ltr'>sua</span> <span class='ocrx_word' id='word_1_29' title='bbox 331 305 503 351; x_wconf 81' lang='lat' dir='ltr'>veniunt,</span> <span class='ocrx_word' id='word_1_30' title='bbox 523 320 749 358; x_wconf 81' lang='lat' dir='ltr'>camposque</span> <span class='ocrx_word' id='word_1_31' title='bbox 767 320 803 347; x_wconf 86' lang='lat' dir='ltr'>et</span> <span class='ocrx_word' id='word_1_32' title='bbox 822 311 975 348; x_wconf 84' lang='lat' dir='ltr'>flumina</span> <span class='ocrx_word' id='word_1_33' title='bbox 993 312 1065 350; x_wconf 83' lang='lat' dir='ltr'>late</span> 
     </span>
    </p>

    <p class='ocr_par' dir='ltr' id='par_1_6' title="bbox 90 361 1087 420">
     <span class='ocr_line' id='line_1_7' title="bbox 90 361 1087 420; baseline 0.015 -25"><span class='ocrx_word' id='word_1_34' title='bbox 90 361 213 397; x_wconf 83' lang='lat' dir='ltr'>Curva</span> <span class='ocrx_word' id='word_1_35' title='bbox 233 371 377 409; x_wconf 80' lang='lat' dir='ltr'>tenent3</span> <span class='ocrx_word' id='word_1_36' title='bbox 395 374 436 401; x_wconf 90' lang='lat' dir='ltr'>ut</span> <span class='ocrx_word' id='word_1_37' title='bbox 456 366 567 402; x_wconf 83' lang='lat' dir='ltr'>molle</span> <span class='ocrx_word' id='word_1_38' title='bbox 585 368 687 416; x_wconf 82' lang='lat' dir='ltr'>siler,</span> <span class='ocrx_word' id='word_1_39' title='bbox 708 371 892 420; x_wconf 79' lang='lat' dir='ltr'>lentaeque</span> <span class='ocrx_word' id='word_1_40' title='bbox 910 382 1087 420; x_wconf 80' lang='lat' dir='ltr'>genestae‚</span> 
     </span>
    </p>

    <p class='ocr_par' dir='ltr' id='par_1_7' title="bbox 86 419 967 470">
     <span class='ocr_line' id='line_1_8' title="bbox 86 419 967 470; baseline 0.016 -17"><span class='ocrx_word' id='word_1_41' title='bbox 86 419 267 467; x_wconf 88' lang='lat' dir='ltr'>Populus,</span> <span class='ocrx_word' id='word_1_42' title='bbox 286 430 322 457; x_wconf 90' lang='lat' dir='ltr'>et</span> <span class='ocrx_word' id='word_1_43' title='bbox 342 423 471 470; x_wconf 84' lang='lat' dir='ltr'>glauca</span> <span class='ocrx_word' id='word_1_44' title='bbox 488 428 657 463; x_wconf 81' lang='lat' dir='ltr'>canentia</span> <span class='ocrx_word' id='word_1_45' title='bbox 677 429 809 465; x_wconf 89' lang='lat' dir='ltr'>fronde</span> <span class='ocrx_word' id='word_1_46' title='bbox 829 430 967 466; x_wconf 83' lang='lat' dir='ltr'>salicta.</span> 
     </span>
    </p>

    <p class='ocr_par' dir='ltr' id='par_1_8' title="bbox 86 478 1030 534">
     <span class='ocr_line' id='line_1_9' title="bbox 86 478 1030 534; baseline 0.016 -23"><span class='ocrx_word' id='word_1_47' title='bbox 86 478 173 513; x_wconf 86' lang='lat' dir='ltr'>Pars</span> <span class='ocrx_word' id='word_1_48' title='bbox 191 487 315 514; x_wconf 84' lang='lat' dir='ltr'>autem</span> <span class='ocrx_word' id='word_1_49' title='bbox 333 482 456 528; x_wconf 88' lang='lat' dir='ltr'>posito</span> <span class='ocrx_word' id='word_1_50' title='bbox 475 494 633 532; x_wconf 82' lang='lat' dir='ltr'>surgunt</span> <span class='ocrx_word' id='word_1_51' title='bbox 653 486 698 522; x_wconf 89' lang='lat' dir='ltr'>de</span> <span class='ocrx_word' id='word_1_52' title='bbox 716 489 872 534; x_wconf 79' lang='lat' dir='ltr'>semine3</span> <span class='ocrx_word' id='word_1_53' title='bbox 890 498 930 525; x_wconf 88' lang='lat' dir='ltr'>ut</span> <span class='ocrx_word' id='word_1_54' title='bbox 948 490 1030 526; x_wconf 82' lang='lat' dir='ltr'>altae</span> 
     </span>
    </p>
   </div>
   <div class='ocr_carea' id='block_1_4' title="bbox 55 609 653 2216">
    <p class='ocr_par' dir='ltr' id='par_1_9' title="bbox 78 609 653 1154">
     <span class='ocr_line' id='line_1_10' title="bbox 86 609 653 649; baseline 0.018 -12"><span class='ocrx_word' id='word_1_55' title='bbox 86 609 211 638; x_wconf 83' lang='lat' dir='ltr'>Calcare</span> <span class='ocrx_word' id='word_1_56' title='bbox 227 610 362 649; x_wconf 84' lang='lat' dir='ltr'>pedibus</span> <span class='ocrx_word' id='word_1_57' title='bbox 381 623 457 642; x_wconf 80' lang='lat' dir='ltr'>uvas</span> <span class='ocrx_word' id='word_1_58' title='bbox 481 615 653 646; x_wconf 84' lang='lat' dir='ltr'>etiamnum</span> 
     </span>
     <span class='ocr_line' id='line_1_11' title="bbox 82 655 653 692; baseline 0.018 -10"><span class='ocrx_word' id='word_1_59' title='bbox 82 655 117 683; x_wconf 86' lang='lat' dir='ltr'>in</span> <span class='ocrx_word' id='word_1_60' title='bbox 132 655 220 684; x_wconf 85' lang='lat' dir='ltr'>Italia</span> <span class='ocrx_word' id='word_1_61' title='bbox 229 657 366 687; x_wconf 91' lang='lat' dir='ltr'>solenne.</span> <span class='ocrx_word' id='word_1_62' title='bbox 378 659 493 688; x_wconf 79' lang='lat' dir='ltr'>Confer</span> <span class='ocrx_word' id='word_1_63' title='bbox 509 664 653 692; x_wconf 77' lang='lat' dir='ltr'>amoenis-</span> 
     </span>
     <span class='ocr_line' id='line_1_12' title="bbox 83 701 650 746; baseline 0.016 -17"><span class='ocrx_word' id='word_1_64' title='bbox 83 701 192 730; x_wconf 85' lang='lat' dir='ltr'>simam</span> <span class='ocrx_word' id='word_1_65' title='bbox 208 702 372 732; x_wconf 78' lang='lat' dir='ltr'>vindemiae</span> <span class='ocrx_word' id='word_1_66' title='bbox 393 704 650 746; x_wconf 80' lang='lat' dir='ltr'>descriptionem,</span> 
     </span>
     <span class='ocr_line' id='line_1_13' title="bbox 84 749 651 792; baseline 0.016 -17"><span class='ocrx_word' id='word_1_67' title='bbox 84 757 100 775; x_wconf 89' lang='lat' dir='ltr'>a</span> <span class='ocrx_word' id='word_1_68' title='bbox 124 749 241 788; x_wconf 80' lang='lat' dir='ltr'>Satyris</span> <span class='ocrx_word' id='word_1_69' title='bbox 266 749 405 788; x_wconf 61' lang='lat' dir='ltr'>habitae,</span> <span class='ocrx_word' id='word_1_70' title='bbox 433 753 516 792; x_wconf 85' lang='lat' dir='ltr'>apud</span> <span class='ocrx_word' id='word_1_71' title='bbox 541 756 651 784; x_wconf 74' lang='lat' dir='ltr'>Neme-</span> 
     </span>
     <span class='ocr_line' id='line_1_14' title="bbox 82 794 650 838; baseline 0.016 -17"><span class='ocrx_word' id='word_1_72' title='bbox 82 794 159 823; x_wconf 83' lang='lat' dir='ltr'>sian.</span> <span class='ocrx_word' id='word_1_73' title='bbox 189 794 254 825; x_wconf 91' lang='lat' dir='ltr'>Ecl.</span> <span class='ocrx_word' id='word_1_74' title='bbox 280 797 343 831; x_wconf 90' lang='lat' dir='ltr'>III,</span> <span class='ocrx_word' id='word_1_75' title='bbox 376 802 417 832; x_wconf 75' lang='lat'>40</span> <span class='ocrx_word' id='word_1_76' title='bbox 448 809 515 838; x_wconf 86' lang='lat' dir='ltr'>sqq.</span> <span class='ocrx_word' id='word_1_77' title='bbox 550 801 650 830; x_wconf 83' lang='lat' dir='ltr'>Fauni</span> 
     </span>
     <span class='ocr_line' id='line_1_15' title="bbox 81 840 651 878; baseline 0.016 -11"><span class='ocrx_word' id='word_1_78' title='bbox 81 849 175 878; x_wconf 87' lang='lat' dir='ltr'>super</span> <span class='ocrx_word' id='word_1_79' title='bbox 195 840 265 870; x_wconf 88' lang='lat' dir='ltr'>lacu</span> <span class='ocrx_word' id='word_1_80' title='bbox 286 848 400 871; x_wconf 83' lang='lat' dir='ltr'>stantes</span> <span class='ocrx_word' id='word_1_81' title='bbox 424 844 557 874; x_wconf 74' lang='lat' dir='ltr'>exhibiti</span> <span class='ocrx_word' id='word_1_82' title='bbox 577 854 651 876; x_wconf 89' lang='lat' dir='ltr'>sunt</span> 
     </span>
     <span class='ocr_line' id='line_1_16' title="bbox 82 887 648 932; baseline 0.016 -19"><span class='ocrx_word' id='word_1_83' title='bbox 82 895 121 913; x_wconf 79' lang='lat' dir='ltr'>ex</span> <span class='ocrx_word' id='word_1_84' title='bbox 152 887 330 927; x_wconf 67' lang='lat' dir='ltr'>anaglypho</span> <span class='ocrx_word' id='word_1_85' title='bbox 361 898 376 916; x_wconf 89' lang='lat' dir='ltr'>a</span> <span class='ocrx_word' id='word_1_86' title='bbox 412 890 500 920; x_wconf 88' lang='lat' dir='ltr'>Com.</span> <span class='ocrx_word' id='word_1_87' title='bbox 534 892 648 932; x_wconf 66' lang='lat' dir='ltr'>Caylus</span> 
     </span>
     <span class='ocr_line' id='line_1_17' title="bbox 81 930 644 976; baseline 0.018 -17"><span class='ocrx_word' id='word_1_88' title='bbox 81 930 231 971; x_wconf 80' lang='lat' dir='ltr'>(Recueil</span> <span class='ocrx_word' id='word_1_89' title='bbox 247 933 394 973; x_wconf 78' lang='lat' dir='ltr'>d’Anliq.</span> <span class='ocrx_word' id='word_1_90' title='bbox 412 942 432 965; x_wconf 90' lang='lat' dir='ltr'>t.</span> <span class='ocrx_word' id='word_1_91' title='bbox 450 938 489 973; x_wconf 89' lang='lat' dir='ltr'>V,</span> <span class='ocrx_word' id='word_1_92' title='bbox 510 938 572 968; x_wconf 76' lang='lat' dir='ltr'>tab.</span> <span class='ocrx_word' id='word_1_93' title='bbox 593 950 644 976; x_wconf 81' lang='lat'>72.</span> 
     </span>
     <span class='ocr_line' id='line_1_18' title="bbox 80 976 643 1020; baseline 0.018 -15"><span class='ocrx_word' id='word_1_94' title='bbox 80 977 120 1006; x_wconf 90' lang='lat' dir='ltr'>cf.</span> <span class='ocrx_word' id='word_1_95' title='bbox 132 976 250 1007; x_wconf 76' lang='lat' dir='ltr'>Pitture</span> <span class='ocrx_word' id='word_1_96' title='bbox 266 979 300 1007; x_wconf 76' lang='lat' dir='ltr'>di</span> <span class='ocrx_word' id='word_1_97' title='bbox 315 981 478 1011; x_wconf 76' lang='lat' dir='ltr'>Ercolano</span> <span class='ocrx_word' id='word_1_98' title='bbox 496 990 515 1013; x_wconf 88' lang='lat' dir='ltr'>t.</span> <span class='ocrx_word' id='word_1_99' title='bbox 532 986 557 1020; x_wconf 85' lang='grc' dir='ltr'>Ι,</span> <span class='ocrx_word' id='word_1_100' title='bbox 581 985 643 1015; x_wconf 85' lang='lat' dir='ltr'>tab.</span> 
     </span>
     <span class='ocr_line' id='line_1_19' title="bbox 82 1022 642 1066; baseline 0.016 -14"><span class='ocrx_word' id='word_1_101' title='bbox 82 1024 124 1052; x_wconf 77' lang='lat'>35</span> <span class='ocrx_word' id='word_1_102' title='bbox 140 1022 162 1063; x_wconf 85' lang='lat'>).</span> <span class='ocrx_word' id='word_1_103' title='bbox 181 1041 227 1047; x_wconf 90' lang='lat'>—-</span> <span class='ocrx_word' id='word_1_104' title='bbox 255 1025 285 1055; x_wconf 88' lang='grc'>8.</span> <span class='ocrx_word' id='word_1_105' title='bbox 315 1027 459 1066; x_wconf 80' lang='lat' dir='ltr'>Dereptis</span> <span class='ocrx_word' id='word_1_106' title='bbox 488 1037 571 1060; x_wconf 86' lang='lat' dir='ltr'>recte</span> <span class='ocrx_word' id='word_1_107' title='bbox 604 1032 642 1060; x_wconf 90' lang='lat' dir='ltr'>ab</span> 
     </span>
     <span class='ocr_line' id='line_1_20' title="bbox 79 1070 642 1116; baseline 0.016 -18"><span class='ocrx_word' id='word_1_108' title='bbox 79 1070 209 1100; x_wconf 83' lang='lat' dir='ltr'>Heinsio</span> <span class='ocrx_word' id='word_1_109' title='bbox 239 1073 452 1111; x_wconf 80' lang='lat' dir='ltr'>emendatum3</span> <span class='ocrx_word' id='word_1_110' title='bbox 472 1076 568 1116; x_wconf 65' lang='lat' dir='ltr'>vulgo</span> <span class='ocrx_word' id='word_1_111' title='bbox 596 1077 642 1107; x_wconf 77' lang='lat' dir='ltr'>ai-</span> 
     </span>
     <span class='ocr_line' id='line_1_21' title="bbox 78 1115 182 1154; baseline 0.029 -11"><span class='ocrx_word' id='word_1_112' title='bbox 78 1115 182 1154; x_wconf 66' lang='lat' dir='ltr'>replis.</span> 
     </span>
    </p>

    <p class='ocr_par' dir='ltr' id='par_1_10' title="bbox 59 1164 641 2074">
     <span class='ocr_line' id='line_1_22' title="bbox 124 1164 641 1206; baseline 0.019 -16"><span class='ocrx_word' id='word_1_113' title='bbox 124 1172 144 1201; x_wconf 91' lang='lat'>9</span> <span class='ocrx_word' id='word_1_114' title='bbox 154 1180 200 1185; x_wconf 88' lang='lat'>——</span> <span class='ocrx_word' id='word_1_115' title='bbox 211 1174 228 1192; x_wconf 80' lang='lat'>¹2</span> <span class='ocrx_word' id='word_1_116' title='bbox 237 1173 264 1194; x_wconf 91' lang='lat'>1.</span> <span class='ocrx_word' id='word_1_117' title='bbox 280 1164 418 1195; x_wconf 83' lang='lat' dir='ltr'>Arbores</span> <span class='ocrx_word' id='word_1_118' title='bbox 434 1177 641 1206; x_wconf 76' lang='lat' dir='ltr'>procreantur</span> 
     </span>
     <span class='ocr_line' id='line_1_23' title="bbox 76 1214 641 1245; baseline 0.016 -9"><span class='ocrx_word' id='word_1_119' title='bbox 76 1214 130 1236; x_wconf 88' lang='lat' dir='ltr'>aut</span> <span class='ocrx_word' id='word_1_120' title='bbox 156 1216 269 1238; x_wconf 85' lang='lat' dir='ltr'>natura</span> <span class='ocrx_word' id='word_1_121' title='bbox 292 1217 347 1240; x_wconf 84' lang='lat' dir='ltr'>aut</span> <span class='ocrx_word' id='word_1_122' title='bbox 373 1219 447 1242; x_wconf 87' lang='lat' dir='ltr'>arte.</span> <span class='ocrx_word' id='word_1_123' title='bbox 472 1214 641 1245; x_wconf 78' lang='lat' dir='ltr'>Arboribus</span> 
     </span>
     <span class='ocr_line' id='line_1_24' title="bbox 74 1254 637 1292; baseline 0.018 -11"><span class='ocrx_word' id='word_1_124' title='bbox 74 1255 231 1292; x_wconf 76' lang='lat' dir='ltr'>creandis,</span> <span class='ocrx_word' id='word_1_125' title='bbox 245 1254 278 1286; x_wconf 90' lang='lat' dir='ltr'>h.</span> <span class='ocrx_word' id='word_1_126' title='bbox 293 1267 319 1286; x_wconf 87' lang='lat' dir='ltr'>e.</span> <span class='ocrx_word' id='word_1_127' title='bbox 340 1258 489 1288; x_wconf 85' lang='lat' dir='ltr'>arborum</span> <span class='ocrx_word' id='word_1_128' title='bbox 508 1271 637 1291; x_wconf 83' lang='lat' dir='ltr'>nascen-</span> 
     </span>
     <span class='ocr_line' id='line_1_25' title="bbox 73 1300 636 1341; baseline 0.016 -13"><span class='ocrx_word' id='word_1_129' title='bbox 73 1300 169 1337; x_wconf 84' lang='lat' dir='ltr'>tium,</span> <span class='ocrx_word' id='word_1_130' title='bbox 186 1309 313 1338; x_wconf 75' lang='lat' dir='ltr'>natura,</span> <span class='ocrx_word' id='word_1_131' title='bbox 336 1305 430 1341; x_wconf 88' lang='lat' dir='ltr'>ratio,</span> <span class='ocrx_word' id='word_1_132' title='bbox 447 1313 492 1334; x_wconf 86' lang='lat' dir='ltr'>est</span> <span class='ocrx_word' id='word_1_133' title='bbox 510 1309 607 1337; x_wconf 65' lang='lat' dir='ltr'>‘varia</span> <span class='ocrx_word' id='word_1_134' title='bbox 625 1320 636 1337; x_wconf 78' lang='lat'>.-</span> 
     </span>
     <span class='ocr_line' id='line_1_26' title="bbox 72 1347 633 1393; baseline 0.016 -19"><span class='ocrx_word' id='word_1_135' title='bbox 72 1352 102 1374; x_wconf 87' lang='lat' dir='ltr'>et</span> <span class='ocrx_word' id='word_1_136' title='bbox 111 1347 239 1384; x_wconf 83' lang='lat' dir='ltr'>quidem</span> <span class='ocrx_word' id='word_1_137' title='bbox 248 1350 400 1379; x_wconf 83' lang='lat' dir='ltr'>naturalis</span> <span class='ocrx_word' id='word_1_138' title='bbox 414 1353 492 1381; x_wconf 83' lang='lat' dir='ltr'>ratio</span> <span class='ocrx_word' id='word_1_139' title='bbox 509 1354 633 1393; x_wconf 83' lang='lat' dir='ltr'>triplex,</span> 
     </span>
     <span class='ocr_line' id='line_1_27' title="bbox 72 1397 633 1439; baseline 0.018 -20"><span class='ocrx_word' id='word_1_140' title='bbox 72 1399 129 1420; x_wconf 82' lang='lat' dir='ltr'>auc</span> <span class='ocrx_word' id='word_1_141' title='bbox 150 1399 186 1421; x_wconf 91' lang='lat' dir='ltr'>ut</span> <span class='ocrx_word' id='word_1_142' title='bbox 206 1401 317 1433; x_wconf 89' lang='lat' dir='ltr'>sponte</span> <span class='ocrx_word' id='word_1_143' title='bbox 341 1397 490 1434; x_wconf 72' lang='lat' dir='ltr'>veniant,</span> <span class='ocrx_word' id='word_1_144' title='bbox 509 1398 540 1428; x_wconf 91' lang='lat' dir='ltr'>h.</span> <span class='ocrx_word' id='word_1_145' title='bbox 561 1410 633 1439; x_wconf 89' lang='lat' dir='ltr'>pro-</span> 
     </span>
     <span class='ocr_line' id='line_1_28' title="bbox 72 1438 632 1483; baseline 0.018 -18"><span class='ocrx_word' id='word_1_146' title='bbox 72 1438 198 1467; x_wconf 83' lang='lat' dir='ltr'>veniant</span> <span class='ocrx_word' id='word_1_147' title='bbox 212 1439 303 1480; x_wconf 81' lang='lat' dir='ltr'>(sup.</span> <span class='ocrx_word' id='word_1_148' title='bbox 321 1442 346 1475; x_wconf 85' lang='grc' dir='ltr'>Ι,</span> <span class='ocrx_word' id='word_1_149' title='bbox 368 1442 409 1478; x_wconf 76' lang='grc'>54</span> <span class='ocrx_word' id='word_1_150' title='bbox 424 1442 447 1483; x_wconf 85' lang='grc'>),</span> <span class='ocrx_word' id='word_1_151' title='bbox 466 1451 523 1472; x_wconf 79' lang='lat' dir='ltr'>aut</span> <span class='ocrx_word' id='word_1_152' title='bbox 543 1448 632 1475; x_wconf 87' lang='lat' dir='ltr'>semi—</span> 
     </span>
     <span class='ocr_line' id='line_1_29' title="bbox 69 1484 630 1528; baseline 0.018 -17"><span class='ocrx_word' id='word_1_153' title='bbox 69 1493 126 1519; x_wconf 88' lang='lat' dir='ltr'>ne,</span> <span class='ocrx_word' id='word_1_154' title='bbox 153 1492 211 1513; x_wconf 81' lang='lat' dir='ltr'>auc</span> <span class='ocrx_word' id='word_1_155' title='bbox 233 1484 271 1513; x_wconf 86' lang='lat' dir='ltr'>ab</span> <span class='ocrx_word' id='word_1_156' title='bbox 294 1486 399 1517; x_wconf 82' lang='lat' dir='ltr'>radice</span> <span class='ocrx_word' id='word_1_157' title='bbox 414 1498 420 1517; x_wconf 88' lang='lat'>:</span> <span class='ocrx_word' id='word_1_158' title='bbox 435 1489 515 1519; x_wconf 87' lang='lat' dir='ltr'>Plin.</span> <span class='ocrx_word' id='word_1_159' title='bbox 541 1493 630 1528; x_wconf 80' lang='lat' dir='ltr'>XVI,</span> 
     </span>
     <span class='ocr_line' id='line_1_30' title="bbox 71 1530 629 1574; baseline 0.016 -16"><span class='ocrx_word' id='word_1_160' title='bbox 71 1530 124 1565; x_wconf 83' lang='lat'>32,</span> <span class='ocrx_word' id='word_1_161' title='bbox 144 1540 168 1560; x_wconf 90' lang='lat' dir='ltr'>s.</span> <span class='ocrx_word' id='word_1_162' title='bbox 188 1530 240 1560; x_wconf 84' lang='lat'>58.</span> <span class='ocrx_word' id='word_1_163' title='bbox 257 1531 348 1563; x_wconf 82' lang='lat' dir='ltr'>conf.</span> <span class='ocrx_word' id='word_1_164' title='bbox 367 1533 526 1574; x_wconf 85' lang='lat' dir='ltr'>Theophr.</span> <span class='ocrx_word' id='word_1_165' title='bbox 549 1538 629 1567; x_wconf 82' lang='lat' dir='ltr'>Hist.</span> 
     </span>
     <span class='ocr_line' id='line_1_31' title="bbox 70 1574 631 1617; baseline 0.016 -14"><span class='ocrx_word' id='word_1_166' title='bbox 70 1574 168 1606; x_wconf 82' lang='lat' dir='ltr'>Plant.</span> <span class='ocrx_word' id='word_1_167' title='bbox 191 1578 223 1605; x_wconf 91' lang='lat' dir='ltr'>II</span> <span class='ocrx_word' id='word_1_168' title='bbox 237 1599 245 1613; x_wconf 92' lang='lat'>,</span> <span class='ocrx_word' id='word_1_169' title='bbox 267 1587 294 1614; x_wconf 87' lang='lat'>1,</span> <span class='ocrx_word' id='word_1_170' title='bbox 311 1589 406 1617; x_wconf 84' lang='lat' dir='ltr'>quem</span> <span class='ocrx_word' id='word_1_171' title='bbox 422 1602 430 1616; x_wconf 91' lang='lat'>‚</span> <span class='ocrx_word' id='word_1_172' title='bbox 461 1589 492 1610; x_wconf 82' lang='lat' dir='ltr'>et</span> <span class='ocrx_word' id='word_1_173' title='bbox 517 1584 631 1612; x_wconf 84' lang='lat' dir='ltr'>Varro-</span> 
     </span>
     <span class='ocr_line' id='line_1_32' title="bbox 66 1623 627 1667; baseline 0.018 -18"><span class='ocrx_word' id='word_1_174' title='bbox 66 1630 139 1650; x_wconf 85' lang='lat' dir='ltr'>nem</span> <span class='ocrx_word' id='word_1_175' title='bbox 157 1623 182 1659; x_wconf 88' lang='lat' dir='ltr'>I,</span> <span class='ocrx_word' id='word_1_176' title='bbox 198 1624 250 1661; x_wconf 73' lang='lat'>39,</span> <span class='ocrx_word' id='word_1_177' title='bbox 264 1624 295 1659; x_wconf 81' lang='lat'>3,</span> <span class='ocrx_word' id='word_1_178' title='bbox 309 1627 461 1664; x_wconf 78' lang='lat' dir='ltr'>expressit</span> <span class='ocrx_word' id='word_1_179' title='bbox 468 1628 627 1667; x_wconf 76' lang='lat' dir='ltr'>Virgilius,</span> 
     </span>
     <span class='ocr_line' id='line_1_33' title="bbox 66 1667 626 1714; baseline 0.016 -19"><span class='ocrx_word' id='word_1_180' title='bbox 66 1667 145 1696; x_wconf 87' lang='lat' dir='ltr'>Item</span> <span class='ocrx_word' id='word_1_181' title='bbox 167 1668 339 1707; x_wconf 70' lang='lat' dir='ltr'>Columella</span> <span class='ocrx_word' id='word_1_182' title='bbox 357 1671 395 1700; x_wconf 89' lang='lat' dir='ltr'>de</span> <span class='ocrx_word' id='word_1_183' title='bbox 411 1672 562 1704; x_wconf 83' lang='lat' dir='ltr'>Arborib.</span> <span class='ocrx_word' id='word_1_184' title='bbox 578 1686 626 1714; x_wconf 89' lang='lat' dir='ltr'>pr.</span> 
     </span>
     <span class='ocr_line' id='line_1_34' title="bbox 65 1713 627 1755; baseline 0.016 -14"><span class='ocrx_word' id='word_1_185' title='bbox 65 1713 120 1751; x_wconf 88' lang='lat' dir='ltr'>qui</span> <span class='ocrx_word' id='word_1_186' title='bbox 133 1713 172 1743; x_wconf 87' lang='lat' dir='ltr'>ad</span> <span class='ocrx_word' id='word_1_187' title='bbox 185 1713 216 1744; x_wconf 87' lang='lat' dir='ltr'>h.</span> <span class='ocrx_word' id='word_1_188' title='bbox 233 1715 253 1745; x_wconf 92' lang='lat' dir='ltr'>l.</span> <span class='ocrx_word' id='word_1_189' title='bbox 270 1717 405 1755; x_wconf 87' lang='lat' dir='ltr'>respicit.</span> <span class='ocrx_word' id='word_1_190' title='bbox 420 1718 506 1748; x_wconf 87' lang='lat' dir='ltr'>Add.</span> <span class='ocrx_word' id='word_1_191' title='bbox 518 1721 627 1750; x_wconf 89' lang='lat' dir='ltr'>Ponte-</span> 
     </span>
     <span class='ocr_line' id='line_1_35' title="bbox 65 1758 623 1804; baseline 0.016 -17"><span class='ocrx_word' id='word_1_192' title='bbox 65 1758 138 1788; x_wconf 88' lang='lat' dir='ltr'>dera</span> <span class='ocrx_word' id='word_1_193' title='bbox 152 1760 282 1800; x_wconf 87' lang='lat' dir='ltr'>Autiqq.</span> <span class='ocrx_word' id='word_1_194' title='bbox 300 1762 357 1792; x_wconf 87' lang='lat' dir='ltr'>Gr.</span> <span class='ocrx_word' id='word_1_195' title='bbox 368 1764 432 1793; x_wconf 86' lang='lat' dir='ltr'>Lat.</span> <span class='ocrx_word' id='word_1_196' title='bbox 441 1765 538 1804; x_wconf 87' lang='lat' dir='ltr'>Epist.</span> <span class='ocrx_word' id='word_1_197' title='bbox 550 1768 623 1803; x_wconf 86' lang='lat' dir='ltr'>XII,</span> 
     </span>
     <span class='ocr_line' id='line_1_36' title="bbox 63 1805 624 1842; baseline 0.016 -9"><span class='ocrx_word' id='word_1_198' title='bbox 63 1811 94 1833; x_wconf 90' lang='lat' dir='ltr'>et</span> <span class='ocrx_word' id='word_1_199' title='bbox 111 1805 240 1836; x_wconf 87' lang='lat' dir='ltr'>Gesner.</span> <span class='ocrx_word' id='word_1_200' title='bbox 251 1807 290 1835; x_wconf 87' lang='lat' dir='ltr'>ad</span> <span class='ocrx_word' id='word_1_201' title='bbox 306 1810 441 1840; x_wconf 88' lang='lat' dir='ltr'>Varron.</span> <span class='ocrx_word' id='word_1_202' title='bbox 458 1809 480 1839; x_wconf 90' lang='lat' dir='ltr'>l.</span> <span class='ocrx_word' id='word_1_203' title='bbox 496 1810 518 1840; x_wconf 91' lang='lat' dir='ltr'>l.</span> <span class='ocrx_word' id='word_1_204' title='bbox 539 1812 624 1842; x_wconf 87' lang='lat' dir='ltr'>Cete-</span> 
     </span>
     <span class='ocr_line' id='line_1_37' title="bbox 62 1852 621 1894; baseline 0.016 -16"><span class='ocrx_word' id='word_1_205' title='bbox 62 1860 134 1879; x_wconf 92' lang='lat' dir='ltr'>rum</span> <span class='ocrx_word' id='word_1_206' title='bbox 150 1852 185 1880; x_wconf 92' lang='lat' dir='ltr'>in</span> <span class='ocrx_word' id='word_1_207' title='bbox 200 1853 256 1888; x_wconf 85' lang='lat' dir='ltr'>iis,</span> <span class='ocrx_word' id='word_1_208' title='bbox 275 1864 345 1892; x_wconf 80' lang='lat' dir='ltr'>quae</span> <span class='ocrx_word' id='word_1_209' title='bbox 361 1863 552 1894; x_wconf 85' lang='lat' dir='ltr'>sequuntur,</span> <span class='ocrx_word' id='word_1_210' title='bbox 571 1869 621 1887; x_wconf 90' lang='lat' dir='ltr'>or-</span> 
     </span>
     <span class='ocr_line' id='line_1_38' title="bbox 62 1896 620 1939; baseline 0.014 -15"><span class='ocrx_word' id='word_1_211' title='bbox 62 1896 174 1926; x_wconf 86' lang='lat' dir='ltr'>nandis</span> <span class='ocrx_word' id='word_1_212' title='bbox 183 1920 190 1934; x_wconf 90' lang='lat'>,</span> <span class='ocrx_word' id='word_1_213' title='bbox 205 1906 320 1936; x_wconf 80' lang='lat' dir='ltr'>quanta</span> <span class='ocrx_word' id='word_1_214' title='bbox 333 1907 434 1939; x_wconf 85' lang='lat' dir='ltr'>poetae</span> <span class='ocrx_word' id='word_1_215' title='bbox 448 1912 496 1930; x_wconf 88' lang='lat' dir='ltr'>ars</span> <span class='ocrx_word' id='word_1_216' title='bbox 509 1904 558 1939; x_wconf 77' lang='lat' dir='ltr'>sit,</span> <span class='ocrx_word' id='word_1_217' title='bbox 576 1904 620 1933; x_wconf 86' lang='lat' dir='ltr'>fa-</span> 
     </span>
     <span class='ocr_line' id='line_1_39' title="bbox 62 1942 619 1983; baseline 0.016 -13"><span class='ocrx_word' id='word_1_218' title='bbox 62 1942 121 1971; x_wconf 78' lang='lat' dir='ltr'>cile</span> <span class='ocrx_word' id='word_1_219' title='bbox 139 1943 247 1974; x_wconf 87' lang='lat' dir='ltr'>sentiri</span> <span class='ocrx_word' id='word_1_220' title='bbox 266 1952 379 1983; x_wconf 81' lang='lat' dir='ltr'>potest,</span> <span class='ocrx_word' id='word_1_221' title='bbox 394 1948 420 1975; x_wconf 93' lang='lat' dir='ltr'>si</span> <span class='ocrx_word' id='word_1_222' title='bbox 441 1947 479 1976; x_wconf 80' lang='lat' dir='ltr'>ad</span> <span class='ocrx_word' id='word_1_223' title='bbox 502 1949 619 1979; x_wconf 86' lang='lat' dir='ltr'>nudam</span> 
     </span>
     <span class='ocr_line' id='line_1_40' title="bbox 60 1987 621 2026; baseline 0.016 -10"><span class='ocrx_word' id='word_1_224' title='bbox 60 1987 211 2026; x_wconf 80' lang='lat' dir='ltr'>pedestris</span> <span class='ocrx_word' id='word_1_225' title='bbox 235 1991 384 2020; x_wconf 82' lang='lat' dir='ltr'>orationis</span> <span class='ocrx_word' id='word_1_226' title='bbox 410 1994 621 2025; x_wconf 82' lang='lat' dir='ltr'>narrationem</span> 
     </span>
     <span class='ocr_line' id='line_1_41' title="bbox 59 2034 276 2074; baseline 0.009 -12"><span class='ocrx_word' id='word_1_227' title='bbox 59 2043 96 2062; x_wconf 84' lang='lat' dir='ltr'>ea</span> <span class='ocrx_word' id='word_1_228' title='bbox 110 2034 276 2074; x_wconf 80' lang='lat' dir='ltr'>redegeris.</span> 
     </span>
    </p>

    <p class='ocr_par' dir='ltr' id='par_1_11' title="bbox 55 2082 618 2216">
     <span class='ocr_line' id='line_1_42' title="bbox 110 2082 618 2120; baseline 0.014 -11"><span class='ocrx_word' id='word_1_229' title='bbox 110 2090 123 2109; x_wconf 86' lang='lat'>1</span> <span class='ocrx_word' id='word_1_230' title='bbox 133 2091 159 2110; x_wconf 94' lang='lat'>1.</span> <span class='ocrx_word' id='word_1_231' title='bbox 176 2082 292 2120; x_wconf 80' lang='lat' dir='ltr'>Sponte</span> <span class='ocrx_word' id='word_1_232' title='bbox 309 2092 376 2113; x_wconf 83' lang='lat' dir='ltr'>sua.</span> <span class='ocrx_word' id='word_1_233' title='bbox 393 2085 506 2114; x_wconf 88' lang='lat' dir='ltr'>Parum</span> <span class='ocrx_word' id='word_1_234' title='bbox 517 2086 618 2116; x_wconf 86' lang='lat' dir='ltr'>subti-</span> 
     </span>
     <span class='ocr_line' id='line_1_43' title="bbox 57 2124 616 2170; baseline 0.014 -16"><span class='ocrx_word' id='word_1_235' title='bbox 57 2124 129 2155; x_wconf 85' lang='lat' dir='ltr'>liter</span> <span class='ocrx_word' id='word_1_236' title='bbox 142 2133 260 2156; x_wconf 88' lang='lat' dir='ltr'>veteres</span> <span class='ocrx_word' id='word_1_237' title='bbox 274 2138 320 2165; x_wconf 83' lang='lat' dir='ltr'>ea,</span> <span class='ocrx_word' id='word_1_238' title='bbox 337 2140 408 2169; x_wconf 78' lang='lat' dir='ltr'>quoe</span> <span class='ocrx_word' id='word_1_239' title='bbox 418 2139 527 2170; x_wconf 79' lang='lat' dir='ltr'>sponte</span> <span class='ocrx_word' id='word_1_240' title='bbox 542 2143 616 2162; x_wconf 80' lang='lat' dir='ltr'>nas-</span> 
     </span>
     <span class='ocr_line' id='line_1_44' title="bbox 55 2172 615 2216; baseline 0.018 -17"><span class='ocrx_word' id='word_1_241' title='bbox 55 2178 175 2209; x_wconf 79' lang='lat' dir='ltr'>cuntur,</span> <span class='ocrx_word' id='word_1_242' title='bbox 190 2172 382 2216; x_wconf 69' lang='grc' dir='ltr'>αὐτομάτως,</span> <span class='ocrx_word' id='word_1_243' title='bbox 394 2175 564 2208; x_wconf 80' lang='lat' dir='ltr'>distinxere</span> <span class='ocrx_word' id='word_1_244' title='bbox 577 2179 615 2209; x_wconf 88' lang='lat' dir='ltr'>ab</span> 
     </span>
    </p>
   </div>
   <div class='ocr_carea' id='block_1_5' title="bbox 668 620 1268 2268">
    <p class='ocr_par' dir='ltr' id='par_1_12' title="bbox 668 620 1268 2268">
     <span class='ocr_line' id='line_1_45' title="bbox 705 620 1267 659; baseline 0.018 -11"><span class='ocrx_word' id='word_1_245' title='bbox 705 620 743 649; x_wconf 88' lang='lat' dir='ltr'>iis</span> <span class='ocrx_word' id='word_1_246' title='bbox 757 631 828 659; x_wconf 78' lang='lat' dir='ltr'>quae</span> <span class='ocrx_word' id='word_1_247' title='bbox 846 622 967 652; x_wconf 77' lang='lat' dir='ltr'>semine</span> <span class='ocrx_word' id='word_1_248' title='bbox 981 633 1156 655; x_wconf 76' lang='lat' dir='ltr'>nascuntur</span> <span class='ocrx_word' id='word_1_249' title='bbox 1167 637 1178 656; x_wconf 93' lang='lat'>.·</span> <span class='ocrx_word' id='word_1_250' title='bbox 1195 638 1267 657; x_wconf 86' lang='lat' dir='ltr'>cum</span> 
     </span>
     <span class='ocr_line' id='line_1_46' title="bbox 706 669 1268 714; baseline 0.02 -21"><span class='ocrx_word' id='word_1_251' title='bbox 706 672 811 695; x_wconf 84' lang='lat' dir='ltr'>tamen</span> <span class='ocrx_word' id='word_1_252' title='bbox 829 678 886 696; x_wconf 83' lang='lat' dir='ltr'>nec</span> <span class='ocrx_word' id='word_1_253' title='bbox 905 669 962 698; x_wconf 87' lang='lat' dir='ltr'>ista</span> <span class='ocrx_word' id='word_1_254' title='bbox 978 670 1044 699; x_wconf 86' lang='lat' dir='ltr'>sine</span> <span class='ocrx_word' id='word_1_255' title='bbox 1063 673 1180 702; x_wconf 86' lang='lat' dir='ltr'>semine</span> <span class='ocrx_word' id='word_1_256' title='bbox 1198 685 1268 714; x_wconf 89' lang='lat' dir='ltr'>pro-</span> 
     </span>
     <span class='ocr_line' id='line_1_47' title="bbox 706 713 1266 750; baseline 0.018 -10"><span class='ocrx_word' id='word_1_257' title='bbox 706 713 843 742; x_wconf 77' lang='lat' dir='ltr'>veniant.</span> <span class='ocrx_word' id='word_1_258' title='bbox 860 715 1000 744; x_wconf 80' lang='lat' dir='ltr'>Voluere</span> <span class='ocrx_word' id='word_1_259' title='bbox 1023 718 1142 747; x_wconf 73' lang='lat' dir='ltr'>seilicet</span> <span class='ocrx_word' id='word_1_260' title='bbox 1166 719 1266 750; x_wconf 81' lang='lat' dir='ltr'>decla-</span> 
     </span>
     <span class='ocr_line' id='line_1_48' title="bbox 704 758 1268 800; baseline 0.02 -15"><span class='ocrx_word' id='word_1_261' title='bbox 704 768 771 786; x_wconf 87' lang='lat' dir='ltr'>rare</span> <span class='ocrx_word' id='word_1_262' title='bbox 784 758 817 787; x_wconf 88' lang='lat' dir='ltr'>id</span> <span class='ocrx_word' id='word_1_263' title='bbox 831 769 930 798; x_wconf 85' lang='lat' dir='ltr'>genus</span> <span class='ocrx_word' id='word_1_264' title='bbox 944 761 1120 800; x_wconf 87' lang='lat' dir='ltr'>plantarum</span> <span class='ocrx_word' id='word_1_265' title='bbox 1135 772 1165 793; x_wconf 85' lang='lat' dir='ltr'>et</span> <span class='ocrx_word' id='word_1_266' title='bbox 1180 766 1268 796; x_wconf 85' lang='lat' dir='ltr'>arbo-</span> 
     </span>
     <span class='ocr_line' id='line_1_49' title="bbox 704 805 1264 846; baseline 0.02 -15"><span class='ocrx_word' id='word_1_267' title='bbox 704 814 785 839; x_wconf 87' lang='lat' dir='ltr'>rum,</span> <span class='ocrx_word' id='word_1_268' title='bbox 796 805 882 842; x_wconf 84' lang='lat' dir='ltr'>quod</span> <span class='ocrx_word' id='word_1_269' title='bbox 900 807 1124 846; x_wconf 82' lang='lat' dir='ltr'>primigenium</span> <span class='ocrx_word' id='word_1_270' title='bbox 1139 810 1264 843; x_wconf 72' lang='lat' dir='ltr'>dixeris.</span> 
     </span>
     <span class='ocr_line' id='line_1_50' title="bbox 702 850 1264 895; baseline 0.02 -18"><span class='ocrx_word' id='word_1_271' title='bbox 702 850 787 888; x_wconf 89' lang='lat' dir='ltr'>quod</span> <span class='ocrx_word' id='word_1_272' title='bbox 800 851 833 878; x_wconf 89' lang='lat' dir='ltr'>in</span> <span class='ocrx_word' id='word_1_273' title='bbox 850 850 931 888; x_wconf 88' lang='lat' dir='ltr'>loco,</span> <span class='ocrx_word' id='word_1_274' title='bbox 950 863 1042 891; x_wconf 83' lang='lat' dir='ltr'>quem</span> <span class='ocrx_word' id='word_1_275' title='bbox 1061 864 1197 895; x_wconf 86' lang='lat' dir='ltr'>occupat</span> <span class='ocrx_word' id='word_1_276' title='bbox 1215 869 1264 888; x_wconf 85' lang='lat' dir='ltr'>co-</span> 
     </span>
     <span class='ocr_line' id='line_1_51' title="bbox 701 895 1261 941; baseline 0.02 -18"><span class='ocrx_word' id='word_1_277' title='bbox 701 895 794 925; x_wconf 90' lang='lat' dir='ltr'>lonus</span> <span class='ocrx_word' id='word_1_278' title='bbox 805 918 813 932; x_wconf 85' lang='lat'>‚</span> <span class='ocrx_word' id='word_1_279' title='bbox 840 897 902 933; x_wconf 82' lang='lat' dir='ltr'>jam</span> <span class='ocrx_word' id='word_1_280' title='bbox 938 905 1046 928; x_wconf 86' lang='lat' dir='ltr'>natum</span> <span class='ocrx_word' id='word_1_281' title='bbox 1083 911 1240 941; x_wconf 79' lang='lat' dir='ltr'>repererat</span> <span class='ocrx_word' id='word_1_282' title='bbox 1255 914 1261 933; x_wconf 68' lang='grc' dir='ltr'><em>ι</em></span> 
     </span>
     <span class='ocr_line' id='line_1_52' title="bbox 700 942 1262 986; baseline 0.02 -17"><span class='ocrx_word' id='word_1_283' title='bbox 700 942 967 981; x_wconf 84' lang='lat' dir='ltr'>quemadmodum</span> <span class='ocrx_word' id='word_1_284' title='bbox 997 947 1111 986; x_wconf 79' lang='lat' dir='ltr'>vulgus</span> <span class='ocrx_word' id='word_1_285' title='bbox 1150 948 1262 980; x_wconf 83' lang='lat' dir='ltr'>herbas</span> 
     </span>
     <span class='ocr_line' id='line_1_53' title="bbox 698 988 1261 1032; baseline 0.018 -16"><span class='ocrx_word' id='word_1_286' title='bbox 698 988 792 1018; x_wconf 83' lang='lat' dir='ltr'>malas</span> <span class='ocrx_word' id='word_1_287' title='bbox 827 996 858 1018; x_wconf 89' lang='lat' dir='ltr'>et</span> <span class='ocrx_word' id='word_1_288' title='bbox 888 991 1015 1020; x_wconf 83' lang='lat' dir='ltr'>inutiles</span> <span class='ocrx_word' id='word_1_289' title='bbox 1046 1001 1158 1032; x_wconf 89' lang='lat' dir='ltr'>sponte</span> <span class='ocrx_word' id='word_1_290' title='bbox 1194 996 1261 1026; x_wconf 89' lang='lat' dir='ltr'>solo</span> 
     </span>
     <span class='ocr_line' id='line_1_54' title="bbox 695 1034 1260 1082; baseline 0.016 -19"><span class='ocrx_word' id='word_1_291' title='bbox 695 1036 781 1064; x_wconf 86' lang='lat' dir='ltr'>nasci</span> <span class='ocrx_word' id='word_1_292' title='bbox 799 1034 893 1066; x_wconf 87' lang='lat' dir='ltr'>dicit:</span> <span class='ocrx_word' id='word_1_293' title='bbox 907 1048 1023 1075; x_wconf 86' lang='lat' dir='ltr'>semen,</span> <span class='ocrx_word' id='word_1_294' title='bbox 1034 1039 1117 1069; x_wconf 89' lang='lat' dir='ltr'>uude</span> <span class='ocrx_word' id='word_1_295' title='bbox 1127 1041 1188 1071; x_wconf 65' lang='lat' dir='ltr'>illae</span> <span class='ocrx_word' id='word_1_296' title='bbox 1198 1044 1260 1082; x_wconf 80' lang='lat' dir='ltr'>gig-</span> 
     </span>
     <span class='ocr_line' id='line_1_55' title="bbox 694 1086 1259 1118; baseline 0.016 -10"><span class='ocrx_word' id='word_1_297' title='bbox 694 1088 826 1118; x_wconf 82' lang='lat' dir='ltr'>nuntur,</span> <span class='ocrx_word' id='word_1_298' title='bbox 842 1090 937 1112; x_wconf 74' lang='lat' dir='ltr'>vento</span> <span class='ocrx_word' id='word_1_299' title='bbox 951 1091 981 1114; x_wconf 90' lang='lat' dir='ltr'>et</span> <span class='ocrx_word' id='word_1_300' title='bbox 994 1095 1062 1114; x_wconf 80' lang='lat' dir='ltr'>aere</span> <span class='ocrx_word' id='word_1_301' title='bbox 1081 1086 1209 1117; x_wconf 80' lang='lat' dir='ltr'>allatum</span> <span class='ocrx_word' id='word_1_302' title='bbox 1224 1100 1259 1117; x_wconf 81' lang='lat' dir='ltr'>ac</span> 
     </span>
     <span class='ocr_line' id='line_1_56' title="bbox 693 1127 1256 1170; baseline 0.018 -16"><span class='ocrx_word' id='word_1_303' title='bbox 693 1127 869 1166; x_wconf 80' lang='lat' dir='ltr'>projectum</span> <span class='ocrx_word' id='word_1_304' title='bbox 896 1129 1047 1170; x_wconf 85' lang='lat' dir='ltr'>humique</span> <span class='ocrx_word' id='word_1_305' title='bbox 1073 1133 1237 1164; x_wconf 73' lang='lat' dir='ltr'>conditum</span> <span class='ocrx_word' id='word_1_306' title='bbox 1248 1158 1256 1169; x_wconf 94' lang='lat'>‚</span> 
     </span>
     <span class='ocr_line' id='line_1_57' title="bbox 694 1174 1258 1220; baseline 0.018 -20"><span class='ocrx_word' id='word_1_307' title='bbox 694 1182 759 1201; x_wconf 88' lang='lat' dir='ltr'>non</span> <span class='ocrx_word' id='word_1_308' title='bbox 772 1174 806 1202; x_wconf 90' lang='lat' dir='ltr'>in</span> <span class='ocrx_word' id='word_1_309' title='bbox 821 1175 931 1204; x_wconf 84' lang='lat' dir='ltr'>oculos</span> <span class='ocrx_word' id='word_1_310' title='bbox 951 1178 1100 1213; x_wconf 88' lang='lat' dir='ltr'>incurrit,</span> <span class='ocrx_word' id='word_1_311' title='bbox 1118 1179 1258 1220; x_wconf 88' lang='lat' dir='ltr'>adeoque</span> 
     </span>
     <span class='ocr_line' id='line_1_58' title="bbox 693 1219 1253 1264; baseline 0.018 -18"><span class='ocrx_word' id='word_1_312' title='bbox 693 1219 759 1247; x_wconf 84' lang='lat' dir='ltr'>sine</span> <span class='ocrx_word' id='word_1_313' title='bbox 777 1221 895 1250; x_wconf 83' lang='lat' dir='ltr'>semine</span> <span class='ocrx_word' id='word_1_314' title='bbox 911 1225 997 1252; x_wconf 90' lang='lat' dir='ltr'>nasci</span> <span class='ocrx_word' id='word_1_315' title='bbox 1012 1224 1074 1253; x_wconf 82' lang='lat' dir='ltr'>illae</span> <span class='ocrx_word' id='word_1_316' title='bbox 1090 1233 1253 1264; x_wconf 81' lang='lat' dir='ltr'>putantur.</span> 
     </span>
     <span class='ocr_line' id='line_1_59' title="bbox 691 1265 1254 1306; baseline 0.016 -14"><span class='ocrx_word' id='word_1_317' title='bbox 691 1265 761 1293; x_wconf 80' lang='lat' dir='ltr'>Jam</span> <span class='ocrx_word' id='word_1_318' title='bbox 783 1276 852 1306; x_wconf 89' lang='lat' dir='ltr'>sup.</span> <span class='ocrx_word' id='word_1_319' title='bbox 870 1268 926 1298; x_wconf 88' lang='lat' dir='ltr'>Ge.</span> <span class='ocrx_word' id='word_1_320' title='bbox 946 1270 959 1297; x_wconf 89' lang='grc' dir='ltr'>Ι</span> <span class='ocrx_word' id='word_1_321' title='bbox 971 1291 978 1305; x_wconf 90' lang='grc'><em>,</em></span> <span class='ocrx_word' id='word_1_322' title='bbox 997 1280 1055 1306; x_wconf 84' lang='lat'>22,</span> <span class='ocrx_word' id='word_1_323' title='bbox 1077 1281 1173 1300; x_wconf 71' lang='lat' dir='ltr'>novas</span> <span class='ocrx_word' id='word_1_324' title='bbox 1190 1283 1254 1301; x_wconf 81' lang='lat' dir='ltr'>non</span> 
     </span>
     <span class='ocr_line' id='line_1_60' title="bbox 690 1310 1253 1355; baseline 0.018 -18"><span class='ocrx_word' id='word_1_325' title='bbox 690 1310 756 1339; x_wconf 82' lang='lat' dir='ltr'>ullo</span> <span class='ocrx_word' id='word_1_326' title='bbox 782 1312 901 1342; x_wconf 75' lang='lat' dir='ltr'>semine</span> <span class='ocrx_word' id='word_1_327' title='bbox 913 1313 1028 1355; x_wconf 54' lang='lat' dir='ltr'>finges</span> <span class='ocrx_word' id='word_1_328' title='bbox 1043 1316 1175 1348; x_wconf 82' lang='lat' dir='ltr'>dixerat.</span> <span class='ocrx_word' id='word_1_329' title='bbox 1188 1320 1253 1349; x_wconf 87' lang='lat' dir='ltr'>Nec</span> 
     </span>
     <span class='ocr_line' id='line_1_61' title="bbox 689 1356 1250 1400; baseline 0.02 -16"><span class='ocrx_word' id='word_1_330' title='bbox 689 1356 776 1385; x_wconf 83' lang='lat' dir='ltr'>ahter</span> <span class='ocrx_word' id='word_1_331' title='bbox 788 1357 1031 1399; x_wconf 80' lang='lat' dir='ltr'>Theophrastus,</span> <span class='ocrx_word' id='word_1_332' title='bbox 1046 1364 1159 1400; x_wconf 81' lang='lat' dir='ltr'>Varro,</span> <span class='ocrx_word' id='word_1_333' title='bbox 1171 1364 1250 1395; x_wconf 85' lang='lat' dir='ltr'>Plin.</span> 
     </span>
     <span class='ocr_line' id='line_1_62' title="bbox 685 1401 1252 1450; baseline 0.016 -19"><span class='ocrx_word' id='word_1_334' title='bbox 685 1401 706 1431; x_wconf 93' lang='lat' dir='ltr'>l.</span> <span class='ocrx_word' id='word_1_335' title='bbox 725 1413 752 1432; x_wconf 91' lang='lat' dir='ltr'>c.</span> <span class='ocrx_word' id='word_1_336' title='bbox 763 1419 808 1425; x_wconf 82' lang='lat'>—-—</span> <span class='ocrx_word' id='word_1_337' title='bbox 827 1415 838 1433; x_wconf 90' lang='lat'>1</span> <span class='ocrx_word' id='word_1_338' title='bbox 847 1415 876 1435; x_wconf 76' lang='lat'>2.</span> <span class='ocrx_word' id='word_1_339' title='bbox 898 1405 981 1435; x_wconf 81' lang='lat' dir='ltr'>Siler</span> <span class='ocrx_word' id='word_1_340' title='bbox 993 1407 1094 1437; x_wconf 86' lang='lat' dir='ltr'>salicis</span> <span class='ocrx_word' id='word_1_341' title='bbox 1106 1409 1186 1439; x_wconf 87' lang='lat' dir='ltr'>forte</span> <span class='ocrx_word' id='word_1_342' title='bbox 1201 1421 1252 1450; x_wconf 84' lang='lat' dir='ltr'>ge-</span> 
     </span>
     <span class='ocr_line' id='line_1_63' title="bbox 685 1452 1252 1485; baseline 0.018 -9"><span class='ocrx_word' id='word_1_343' title='bbox 685 1458 763 1485; x_wconf 87' lang='lat' dir='ltr'>nus;</span> <span class='ocrx_word' id='word_1_344' title='bbox 787 1460 845 1479; x_wconf 90' lang='lat' dir='ltr'>nec</span> <span class='ocrx_word' id='word_1_345' title='bbox 869 1452 951 1481; x_wconf 87' lang='lat' dir='ltr'>enim</span> <span class='ocrx_word' id='word_1_346' title='bbox 975 1455 1046 1483; x_wconf 84' lang='lat' dir='ltr'>satis</span> <span class='ocrx_word' id='word_1_347' title='bbox 1067 1462 1162 1484; x_wconf 82' lang='lat' dir='ltr'>notus</span> <span class='ocrx_word' id='word_1_348' title='bbox 1186 1456 1252 1485; x_wconf 84' lang='lat' dir='ltr'>fru-</span> 
     </span>
     <span class='ocr_line' id='line_1_64' title="bbox 685 1497 1248 1538; baseline 0.02 -16"><span class='ocrx_word' id='word_1_349' title='bbox 685 1500 738 1523; x_wconf 81' lang='lat' dir='ltr'>tex</span> <span class='ocrx_word' id='word_1_350' title='bbox 754 1503 809 1525; x_wconf 81' lang='lat' dir='ltr'>est.</span> <span class='ocrx_word' id='word_1_351' title='bbox 825 1497 879 1526; x_wconf 81' lang='lat' dir='ltr'>vid</span> <span class='ocrx_word' id='word_1_352' title='bbox 896 1498 933 1527; x_wconf 90' lang='lat' dir='ltr'>ad</span> <span class='ocrx_word' id='word_1_353' title='bbox 952 1499 1031 1530; x_wconf 89' lang='lat' dir='ltr'>Plin.</span> <span class='ocrx_word' id='word_1_354' title='bbox 1046 1502 1138 1538; x_wconf 85' lang='lat' dir='ltr'><strong>XVI,</strong></span> <span class='ocrx_word' id='word_1_355' title='bbox 1152 1512 1176 1532; x_wconf 76' lang='lat' dir='ltr'>s,</span> <span class='ocrx_word' id='word_1_356' title='bbox 1195 1503 1248 1533; x_wconf 79' lang='lat'>35.</span> 
     </span>
     <span class='ocr_line' id='line_1_65' title="bbox 687 1540 1248 1587; baseline 0.02 -20"><span class='ocrx_word' id='word_1_357' title='bbox 687 1540 825 1570; x_wconf 60' lang='lat' dir='ltr'>Geraesta</span> <span class='ocrx_word' id='word_1_358' title='bbox 853 1543 975 1573; x_wconf 79' lang='lat' dir='ltr'>fruticis</span> <span class='ocrx_word' id='word_1_359' title='bbox 996 1547 1126 1576; x_wconf 63' lang='lat' dir='ltr'>viminei</span> <span class='ocrx_word' id='word_1_360' title='bbox 1151 1558 1248 1587; x_wconf 84' lang='lat' dir='ltr'>genus</span> 
     </span>
     <span class='ocr_line' id='line_1_66' title="bbox 685 1584 1249 1633; baseline 0.018 -19"><span class='ocrx_word' id='word_1_361' title='bbox 685 1584 789 1626; x_wconf 87' lang='lat' dir='ltr'>(conf.</span> <span class='ocrx_word' id='word_1_362' title='bbox 805 1589 861 1619; x_wconf 83' lang='lat' dir='ltr'>inf.</span> <span class='ocrx_word' id='word_1_363' title='bbox 872 1592 935 1626; x_wconf 65' lang='lat'>[434</span> <span class='ocrx_word' id='word_1_364' title='bbox 944 1602 951 1628; x_wconf 82' lang='lat'><em>3</em></span> <span class='ocrx_word' id='word_1_365' title='bbox 961 1602 991 1630; x_wconf 66' lang='lat' dir='ltr'>Y.</span> <span class='ocrx_word' id='word_1_366' title='bbox 1002 1593 1131 1623; x_wconf 75' lang='lat' dir='ltr'>Martia.</span> <span class='ocrx_word' id='word_1_367' title='bbox 1140 1592 1163 1633; x_wconf 85' lang='lat'>);</span> <span class='ocrx_word' id='word_1_368' title='bbox 1173 1594 1249 1624; x_wconf 87' lang='lat' dir='ltr'>hinc</span> 
     </span>
     <span class='ocr_line' id='line_1_67' title="bbox 683 1631 1246 1673; baseline 0.02 -14"><span class='ocrx_word' id='word_1_369' title='bbox 683 1631 787 1668; x_wconf 76' lang='lat' dir='ltr'>leuca,</span> <span class='ocrx_word' id='word_1_370' title='bbox 803 1634 932 1673; x_wconf 75' lang='lat' dir='ltr'>flexilis,</span> <span class='ocrx_word' id='word_1_371' title='bbox 950 1644 985 1665; x_wconf 90' lang='lat' dir='ltr'>ut</span> <span class='ocrx_word' id='word_1_372' title='bbox 998 1638 1086 1667; x_wconf 81' lang='lat' dir='ltr'>lenta</span> <span class='ocrx_word' id='word_1_373' title='bbox 1102 1639 1179 1668; x_wconf 70' lang='lat' dir='ltr'>viti-5</span> <span class='ocrx_word' id='word_1_374' title='bbox 1189 1641 1246 1671; x_wconf 89' lang='lat' dir='ltr'>Ge.</span> 
     </span>
     <span class='ocr_line' id='line_1_68' title="bbox 682 1678 1247 1716; baseline 0.019 -11"><span class='ocrx_word' id='word_1_375' title='bbox 682 1678 713 1713; x_wconf 88' lang='lat'>1,</span> <span class='ocrx_word' id='word_1_376' title='bbox 730 1679 806 1708; x_wconf 82' lang='lat'>265.</span> <span class='ocrx_word' id='word_1_377' title='bbox 821 1698 868 1702; x_wconf 83' lang='lat'>-—</span> <span class='ocrx_word' id='word_1_378' title='bbox 882 1683 923 1710; x_wconf 82' lang='lat' dir='ltr'>Et</span> <span class='ocrx_word' id='word_1_379' title='bbox 939 1683 1035 1712; x_wconf 82' lang='lat' dir='ltr'>molle</span> <span class='ocrx_word' id='word_1_380' title='bbox 1052 1686 1163 1715; x_wconf 87' lang='lat' dir='ltr'>Franc.</span> <span class='ocrx_word' id='word_1_381' title='bbox 1181 1688 1247 1716; x_wconf 70' lang='lat' dir='ltr'>Lce-</span> 
     </span>
     <span class='ocr_line' id='line_1_69' title="bbox 680 1727 1245 1772; baseline 0.019 -21"><span class='ocrx_word' id='word_1_382' title='bbox 680 1729 782 1763; x_wconf 79' lang='lat' dir='ltr'>ta’que</span> <span class='ocrx_word' id='word_1_383' title='bbox 791 1727 920 1756; x_wconf 86' lang='lat' dir='ltr'>Mentel.</span> <span class='ocrx_word' id='word_1_384' title='bbox 930 1738 945 1756; x_wconf 88' lang='lat' dir='ltr'>a</span> <span class='ocrx_word' id='word_1_385' title='bbox 953 1738 1035 1759; x_wconf 87' lang='lat' dir='ltr'>man.</span> <span class='ocrx_word' id='word_1_386' title='bbox 1042 1740 1092 1769; x_wconf 93' lang='lat' dir='ltr'>pr.</span> <span class='ocrx_word' id='word_1_387' title='bbox 1099 1747 1145 1752; x_wconf 91' lang='lat'>—</span> <span class='ocrx_word' id='word_1_388' title='bbox 1153 1732 1245 1772; x_wconf 80' lang='lat' dir='ltr'>Vng.</span> 
     </span>
     <span class='ocr_line' id='line_1_70' title="bbox 674 1770 1245 1811; baseline 0.018 -14"><span class='ocrx_word' id='word_1_389' title='bbox 674 1770 828 1809; x_wconf 69' lang='lat' dir='ltr'>genistae,</span> <span class='ocrx_word' id='word_1_390' title='bbox 846 1773 933 1811; x_wconf 86' lang='lat' dir='ltr'>quod</span> <span class='ocrx_word' id='word_1_391' title='bbox 963 1781 1067 1804; x_wconf 85' lang='lat' dir='ltr'>tamen</span> <span class='ocrx_word' id='word_1_392' title='bbox 1091 1777 1184 1806; x_wconf 85' lang='lat' dir='ltr'>etiam</span> <span class='ocrx_word' id='word_1_393' title='bbox 1209 1778 1245 1807; x_wconf 89' lang='lat' dir='ltr'>in</span> 
     </span>
     <span class='ocr_line' id='line_1_71' title="bbox 676 1815 1243 1854; baseline 0.018 -11"><span class='ocrx_word' id='word_1_394' title='bbox 676 1815 794 1846; x_wconf 83' lang='lat' dir='ltr'>Medic.</span> <span class='ocrx_word' id='word_1_395' title='bbox 810 1824 840 1846; x_wconf 89' lang='lat' dir='ltr'>et</span> <span class='ocrx_word' id='word_1_396' title='bbox 853 1820 944 1849; x_wconf 85' lang='lat' dir='ltr'>Rom.</span> <span class='ocrx_word' id='word_1_397' title='bbox 961 1823 1108 1852; x_wconf 83' lang='lat' dir='ltr'>occurrit.</span> <span class='ocrx_word' id='word_1_398' title='bbox 1126 1839 1172 1845; x_wconf 86' lang='lat'>·-—</span> <span class='ocrx_word' id='word_1_399' title='bbox 1192 1824 1243 1854; x_wconf 80' lang='lat'>13.</span> 
     </span>
     <span class='ocr_line' id='line_1_72' title="bbox 676 1861 1241 1906; baseline 0.016 -17"><span class='ocrx_word' id='word_1_400' title='bbox 676 1861 797 1891; x_wconf 52' lang='lat' dir='ltr'>Salia-ca</span> <span class='ocrx_word' id='word_1_401' title='bbox 812 1874 871 1903; x_wconf 87' lang='lat' dir='ltr'>pro</span> <span class='ocrx_word' id='word_1_402' title='bbox 890 1866 982 1895; x_wconf 86' lang='lat' dir='ltr'>salice</span> <span class='ocrx_word' id='word_1_403' title='bbox 992 1889 1000 1904; x_wconf 83' lang='lat'>‚</span> <span class='ocrx_word' id='word_1_404' title='bbox 1025 1868 1115 1906; x_wconf 87' lang='lat' dir='ltr'>cujus</span> <span class='ocrx_word' id='word_1_405' title='bbox 1130 1876 1241 1898; x_wconf 80' lang='lat' dir='ltr'>natura</span> 
     </span>
     <span class='ocr_line' id='line_1_73' title="bbox 673 1907 1215 1957; baseline 0.018 -22"><span class='ocrx_word' id='word_1_406' title='bbox 673 1907 805 1946; x_wconf 87' lang='lat' dir='ltr'>pulchre</span> <span class='ocrx_word' id='word_1_407' title='bbox 822 1920 964 1949; x_wconf 86' lang='lat' dir='ltr'>expressa</span> <span class='ocrx_word' id='word_1_408' title='bbox 979 1922 988 1942; x_wconf 88' lang='lat'>:</span> <span class='ocrx_word' id='word_1_409' title='bbox 1001 1912 1215 1957; x_wconf 80' lang='grc' dir='ltr'>γλαυκόχροα.</span> 
     </span>
     <span class='ocr_line' id='line_1_74' title="bbox 725 1956 1239 1997; baseline 0.016 -14"><span class='ocrx_word' id='word_1_410' title='bbox 725 1959 774 1988; x_wconf 78' lang='lat'>14.</span> <span class='ocrx_word' id='word_1_411' title='bbox 790 1956 845 1985; x_wconf 88' lang='lat' dir='ltr'>Uti</span> <span class='ocrx_word' id='word_1_412' title='bbox 856 1956 918 1986; x_wconf 78' lang='lat' dir='ltr'>illae</span> <span class='ocrx_word' id='word_1_413' title='bbox 931 1958 1058 1988; x_wconf 84' lang='lat' dir='ltr'>arbores</span> <span class='ocrx_word' id='word_1_414' title='bbox 1070 1960 1174 1997; x_wconf 82' lang='lat' dir='ltr'>nullo,</span> <span class='ocrx_word' id='word_1_415' title='bbox 1188 1961 1239 1991; x_wconf 85' lang='lat' dir='ltr'>de-</span> 
     </span>
     <span class='ocr_line' id='line_1_75' title="bbox 673 1998 1236 2045; baseline 0.018 -18"><span class='ocrx_word' id='word_1_416' title='bbox 673 1998 790 2029; x_wconf 85' lang='lat' dir='ltr'>hebant</span> <span class='ocrx_word' id='word_1_417' title='bbox 811 2001 914 2032; x_wconf 80' lang='lat' dir='ltr'>dicere</span> <span class='ocrx_word' id='word_1_418' title='bbox 940 2014 1023 2035; x_wconf 86' lang='lat' dir='ltr'>caeco</span> <span class='ocrx_word' id='word_1_419' title='bbox 1049 2012 1080 2035; x_wconf 87' lang='lat' dir='ltr'>et</span> <span class='ocrx_word' id='word_1_420' title='bbox 1097 2007 1236 2045; x_wconf 85' lang='lat' dir='ltr'>occulto,</span> 
     </span>
     <span class='ocr_line' id='line_1_76' title="bbox 672 2047 1236 2086; baseline 0.02 -13"><span class='ocrx_word' id='word_1_421' title='bbox 672 2047 789 2075; x_wconf 87' lang='lat' dir='ltr'>semine</span> <span class='ocrx_word' id='word_1_422' title='bbox 804 2056 996 2086; x_wconf 84' lang='lat' dir='ltr'>nascuntur,</span> <span class='ocrx_word' id='word_1_423' title='bbox 1021 2052 1066 2080; x_wconf 85' lang='lat' dir='ltr'>sie</span> <span class='ocrx_word' id='word_1_424' title='bbox 1088 2063 1176 2083; x_wconf 88' lang='lat' dir='ltr'>nunc</span> <span class='ocrx_word' id='word_1_425' title='bbox 1195 2054 1236 2083; x_wconf 82' lang='lat' dir='ltr'>al-</span> 
     </span>
     <span class='ocr_line' id='line_1_77' title="bbox 671 2096 1236 2138; baseline 0.018 -19"><span class='ocrx_word' id='word_1_426' title='bbox 671 2096 772 2120; x_wconf 82' lang='lat' dir='ltr'>terum</span> <span class='ocrx_word' id='word_1_427' title='bbox 787 2104 884 2133; x_wconf 85' lang='lat' dir='ltr'>genus</span> <span class='ocrx_word' id='word_1_428' title='bbox 895 2118 902 2132; x_wconf 94' lang='lat'>,</span> <span class='ocrx_word' id='word_1_429' title='bbox 920 2097 977 2126; x_wconf 86' lang='lat' dir='ltr'>etsi</span> <span class='ocrx_word' id='word_1_430' title='bbox 997 2104 1028 2126; x_wconf 84' lang='lat' dir='ltr'>et</span> <span class='ocrx_word' id='word_1_431' title='bbox 1046 2099 1150 2138; x_wconf 89' lang='lat' dir='ltr'>ipsum</span> <span class='ocrx_word' id='word_1_432' title='bbox 1169 2100 1236 2129; x_wconf 86' lang='lat' dir='ltr'>sine</span> 
     </span>
     <span class='ocr_line' id='line_1_78' title="bbox 668 2135 1235 2181; baseline 0.019 -16"><span class='ocrx_word' id='word_1_433' title='bbox 668 2135 835 2168; x_wconf 89' lang='lat' dir='ltr'>hominum</span> <span class='ocrx_word' id='word_1_434' title='bbox 859 2151 972 2181; x_wconf 86' lang='lat' dir='ltr'>opera,</span> <span class='ocrx_word' id='word_1_435' title='bbox 991 2144 1111 2174; x_wconf 76' lang='lat' dir='ltr'>semine</span> <span class='ocrx_word' id='word_1_436' title='bbox 1132 2152 1235 2175; x_wconf 86' lang='lat' dir='ltr'>tamen</span> 
     </span>
     <span class='ocr_line' id='line_1_79' title="bbox 668 2184 1235 2222; baseline 0.014 -10"><span class='ocrx_word' id='word_1_437' title='bbox 668 2184 754 2222; x_wconf 88' lang='lat' dir='ltr'>quod</span> <span class='ocrx_word' id='word_1_438' title='bbox 773 2185 812 2215; x_wconf 88' lang='lat' dir='ltr'>de</span> <span class='ocrx_word' id='word_1_439' title='bbox 826 2186 937 2217; x_wconf 88' lang='lat' dir='ltr'>arbore</span> <span class='ocrx_word' id='word_1_440' title='bbox 952 2190 986 2218; x_wconf 88' lang='lat' dir='ltr'>in</span> <span class='ocrx_word' id='word_1_441' title='bbox 1007 2184 1123 2220; x_wconf 83' lang='lat' dir='ltr'>terram</span> <span class='ocrx_word' id='word_1_442' title='bbox 1140 2191 1235 2222; x_wconf 82' lang='lat' dir='ltr'>fluxit</span> 
     </span>
     <span class='ocr_line' id='line_1_80' title="bbox 1061 2252 1080 2268; baseline 0 -3"><span class='ocrx_word' id='word_1_443' title='bbox 1061 2252 1080 2268; x_wconf 43' lang='grc' dir='ltr'><em>ᾖ</em></span> 
     </span>
    </p>
   </div>
   <div class='ocr_carea' id='block_1_6' title="bbox 1015 2267 1059 2302">
    <p class='ocr_par' dir='ltr' id='par_1_13' title="bbox 1015 2267 1059 2302">
     <span class='ocr_line' id='line_1_81' title="bbox 1015 2267 1059 2302; baseline 0.023 -1"><span class='ocrx_word' id='word_1_444' title='bbox 1015 2267 1059 2302; x_wconf 89' lang='lat'>19</span> 
     </span>
    </p>
   </div>
  </div>
 </body>
</html>
