<?xml version="1.0" encoding="UTF-8"?>
<!DOCTYPE html PUBLIC "-//W3C//DTD XHTML 1.0 Transitional//EN"
    "http://www.w3.org/TR/xhtml1/DTD/xhtml1-transitional.dtd">
<html xmlns="http://www.w3.org/1999/xhtml" xml:lang="en" lang="en">
 <head>
  <title>
</title>
<meta http-equiv="Content-Type" content="text/html;charset=utf-8" />
  <meta name='ocr-system' content='tesseract 3.04.00' />
  <meta name='ocr-capabilities' content='ocr_page ocr_carea ocr_par ocr_line ocrx_word'/>
</head>
<body>
  <div class='ocr_page' id='page_1' title='image "./operahey01virguoft_0263.png"; bbox 0 0 1408 2428; ppageno 0'>
   <div class='ocr_carea' id='block_1_1' title="bbox 559 96 746 125">
    <p class='ocr_par' dir='ltr' id='par_1_1' title="bbox 559 96 746 125">
     <span class='ocr_line' id='line_1_1' title="bbox 559 96 746 125; baseline -0.005 0"><span class='ocrx_word' id='word_1_1' title='bbox 559 96 679 125; x_wconf 86' lang='lat' dir='ltr'>LIBER</span> <span class='ocrx_word' id='word_1_2' title='bbox 704 96 746 124; x_wconf 89' lang='lat' dir='ltr'>II.</span> 
     </span>
    </p>
   </div>
   <div class='ocr_carea' id='block_1_2' title="bbox 1175 106 1240 135">
    <p class='ocr_par' dir='ltr' id='par_1_2' title="bbox 1175 106 1240 135">
     <span class='ocr_line' id='line_1_2' title="bbox 1175 106 1240 135; baseline 0 -11"><span class='ocrx_word' id='word_1_3' title='bbox 1175 106 1240 135; x_wconf 79' lang='lat'>229</span> 
     </span>
    </p>
   </div>
   <div class='ocr_carea' id='block_1_3' title="bbox 49 151 1243 438">
    <p class='ocr_par' dir='ltr' id='par_1_3' title="bbox 49 151 1243 326">
     <span class='ocr_line' id='line_1_3' title="bbox 54 151 1243 200; baseline -0.008 -7"><span class='ocrx_word' id='word_1_4' title='bbox 54 156 192 192; x_wconf 84' lang='lat' dir='ltr'>Plantis</span> <span class='ocrx_word' id='word_1_5' title='bbox 210 164 247 192; x_wconf 87' lang='lat' dir='ltr'>et</span> <span class='ocrx_word' id='word_1_6' title='bbox 264 155 368 191; x_wconf 86' lang='lat' dir='ltr'>durae</span> <span class='ocrx_word' id='word_1_7' title='bbox 386 153 506 190; x_wconf 78' lang='lat' dir='ltr'>coruli</span> <span class='ocrx_word' id='word_1_8' title='bbox 524 162 746 198; x_wconf 80' lang='lat' dir='ltr'>nascuntur,</span> <span class='ocrx_word' id='word_1_9' title='bbox 764 161 801 188; x_wconf 92' lang='lat' dir='ltr'>et</span> <span class='ocrx_word' id='word_1_10' title='bbox 817 151 947 200; x_wconf 86' lang='lat' dir='ltr'>ingens</span> <span class='ocrx_word' id='word_1_11' title='bbox 1211 161 1243 184; x_wconf 84' lang='lat'>65</span> 
     </span>
     <span class='ocr_line' id='line_1_4' title="bbox 49 212 1057 263; baseline -0.004 -10"><span class='ocrx_word' id='word_1_12' title='bbox 49 217 254 261; x_wconf 84' lang='lat' dir='ltr'>Fraxinus,</span> <span class='ocrx_word' id='word_1_13' title='bbox 272 214 542 263; x_wconf 74' lang='lat' dir='ltr'>Herculeaeque</span> <span class='ocrx_word' id='word_1_14' title='bbox 566 213 677 250; x_wconf 83' lang='lat' dir='ltr'>arbos</span> <span class='ocrx_word' id='word_1_15' title='bbox 695 212 872 249; x_wconf 86' lang='lat' dir='ltr'>umbrosa</span> <span class='ocrx_word' id='word_1_16' title='bbox 891 224 1057 258; x_wconf 83' lang='lat' dir='ltr'>coronae,</span> 
     </span>
     <span class='ocr_line' id='line_1_5' title="bbox 52 272 1008 326; baseline -0.004 -13"><span class='ocrx_word' id='word_1_17' title='bbox 52 276 287 326; x_wconf 83' lang='lat' dir='ltr'>Chaoniique</span> <span class='ocrx_word' id='word_1_18' title='bbox 302 276 417 326; x_wconf 82' lang='lat' dir='ltr'>patris</span> <span class='ocrx_word' id='word_1_19' title='bbox 436 274 605 325; x_wconf 84' lang='lat' dir='ltr'>glandcs;</span> <span class='ocrx_word' id='word_1_20' title='bbox 624 275 736 311; x_wconf 76' lang='lat' dir='ltr'>etiam</span> <span class='ocrx_word' id='word_1_21' title='bbox 755 272 871 310; x_wconf 83' lang='lat' dir='ltr'>ardua</span> <span class='ocrx_word' id='word_1_22' title='bbox 885 273 1008 322; x_wconf 87' lang='lat' dir='ltr'>palma</span> 
     </span>
    </p>

    <p class='ocr_par' dir='ltr' id='par_1_4' title="bbox 51 334 873 383">
     <span class='ocr_line' id='line_1_6' title="bbox 51 334 873 383; baseline -0.007 -10"><span class='ocrx_word' id='word_1_23' title='bbox 51 337 246 383; x_wconf 78' lang='lat' dir='ltr'>Nascitur,</span> <span class='ocrx_word' id='word_1_24' title='bbox 262 345 299 373; x_wconf 86' lang='lat' dir='ltr'>et</span> <span class='ocrx_word' id='word_1_25' title='bbox 314 348 419 373; x_wconf 86' lang='lat' dir='ltr'>casus</span> <span class='ocrx_word' id='word_1_26' title='bbox 435 335 538 371; x_wconf 85' lang='lat' dir='ltr'>abies</span> <span class='ocrx_word' id='word_1_27' title='bbox 555 335 681 370; x_wconf 81' lang='lat' dir='ltr'>visura</span> <span class='ocrx_word' id='word_1_28' title='bbox 698 334 873 370; x_wconf 79' lang='lat' dir='ltr'>marinos.</span> 
     </span>
    </p>

    <p class='ocr_par' dir='ltr' id='par_1_5' title="bbox 51 391 975 438">
     <span class='ocr_line' id='line_1_7' title="bbox 51 391 975 438; baseline -0.002 -8"><span class='ocrx_word' id='word_1_29' title='bbox 51 396 234 432; x_wconf 80' lang='lat' dir='ltr'><strong>Inseritur</strong></span> <span class='ocrx_word' id='word_1_30' title='bbox 247 407 340 431; x_wconf 83' lang='lat' dir='ltr'>vero</span> <span class='ocrx_word' id='word_1_31' title='bbox 360 403 395 431; x_wconf 89' lang='lat' dir='ltr'>et</span> <span class='ocrx_word' id='word_1_32' title='bbox 414 394 492 431; x_wconf 84' lang='lat' dir='ltr'>fetu</span> <span class='ocrx_word' id='word_1_33' title='bbox 507 394 613 431; x_wconf 87' lang='lat' dir='ltr'>nucis</span> <span class='ocrx_word' id='word_1_34' title='bbox 630 392 786 430; x_wconf 84' lang='lat' dir='ltr'>arbutus</span> <span class='ocrx_word' id='word_1_35' title='bbox 804 391 975 438; x_wconf 82' lang='lat' dir='ltr'>horrida3</span> 
     </span>
    </p>
   </div>
   <div class='ocr_carea' id='block_1_4' title="bbox 41 550 634 2249">
    <p class='ocr_par' dir='ltr' id='par_1_6' title="bbox 41 550 634 2249">
     <span class='ocr_line' id='line_1_8' title="bbox 56 550 630 591; baseline 0 -12"><span class='ocrx_word' id='word_1_36' title='bbox 56 551 110 580; x_wconf 77' lang='lat' dir='ltr'>tris</span> <span class='ocrx_word' id='word_1_37' title='bbox 130 551 270 591; x_wconf 76' lang='lat' dir='ltr'><em>glandes</em></span> <span class='ocrx_word' id='word_1_38' title='bbox 292 557 352 580; x_wconf 86' lang='lat' dir='ltr'>etc.</span> <span class='ocrx_word' id='word_1_39' title='bbox 381 550 501 580; x_wconf 79' lang='lat' dir='ltr'>semine</span> <span class='ocrx_word' id='word_1_40' title='bbox 521 550 630 579; x_wconf 84' lang='lat' dir='ltr'>subin-</span> 
     </span>
     <span class='ocr_line' id='line_1_9' title="bbox 57 595 632 638; baseline 0.002 -13"><span class='ocrx_word' id='word_1_41' title='bbox 57 597 155 638; x_wconf 79' lang='lat' dir='ltr'>telligi</span> <span class='ocrx_word' id='word_1_42' title='bbox 182 597 290 627; x_wconf 74' lang='lat' dir='ltr'>vellet.</span> <span class='ocrx_word' id='word_1_43' title='bbox 333 599 404 627; x_wconf 88' lang='lat' dir='ltr'>Hoc</span> <span class='ocrx_word' id='word_1_44' title='bbox 432 603 536 627; x_wconf 85' lang='lat' dir='ltr'>tamen</span> <span class='ocrx_word' id='word_1_45' title='bbox 561 595 632 626; x_wconf 84' lang='lat' dir='ltr'>fieri</span> 
     </span>
     <span class='ocr_line' id='line_1_10' title="bbox 58 643 632 684; baseline 0 -12"><span class='ocrx_word' id='word_1_46' title='bbox 58 644 188 684; x_wconf 87' lang='lat' dir='ltr'>nequit,</span> <span class='ocrx_word' id='word_1_47' title='bbox 215 651 244 673; x_wconf 87' lang='lat' dir='ltr'>et</span> <span class='ocrx_word' id='word_1_48' title='bbox 275 654 439 683; x_wconf 81' lang='lat' dir='ltr'>perperam</span> <span class='ocrx_word' id='word_1_49' title='bbox 467 643 632 673; x_wconf 81' lang='lat' dir='ltr'>dubitatur</span> 
     </span>
     <span class='ocr_line' id='line_1_11' title="bbox 61 689 632 729; baseline -0.002 -10"><span class='ocrx_word' id='word_1_50' title='bbox 61 689 99 719; x_wconf 89' lang='lat' dir='ltr'>de</span> <span class='ocrx_word' id='word_1_51' title='bbox 118 690 174 719; x_wconf 84' lang='lat' dir='ltr'>illo</span> <span class='ocrx_word' id='word_1_52' title='bbox 200 696 345 719; x_wconf 68' lang='lat' dir='ltr'>veterum</span> <span class='ocrx_word' id='word_1_53' title='bbox 367 701 446 726; x_wconf 88' lang='lat' dir='ltr'>usu;</span> <span class='ocrx_word' id='word_1_54' title='bbox 476 700 540 729; x_wconf 91' lang='lat' dir='ltr'>quo</span> <span class='ocrx_word' id='word_1_55' title='bbox 563 689 632 719; x_wconf 88' lang='lat' dir='ltr'>illas</span> 
     </span>
     <span class='ocr_line' id='line_1_12' title="bbox 61 735 631 776; baseline 0 -12"><span class='ocrx_word' id='word_1_56' title='bbox 61 736 188 766; x_wconf 84' lang='lat' dir='ltr'>arbores</span> <span class='ocrx_word' id='word_1_57' title='bbox 203 736 317 776; x_wconf 78' lang='lat' dir='ltr'>plantis</span> <span class='ocrx_word' id='word_1_58' title='bbox 333 747 387 765; x_wconf 84' lang='lat' dir='ltr'>seu</span> <span class='ocrx_word' id='word_1_59' title='bbox 403 735 538 765; x_wconf 78' lang='lat' dir='ltr'>surculis</span> <span class='ocrx_word' id='word_1_60' title='bbox 557 746 631 775; x_wconf 90' lang='lat' dir='ltr'>pro-</span> 
     </span>
     <span class='ocr_line' id='line_1_13' title="bbox 63 781 630 822; baseline 0 -10"><span class='ocrx_word' id='word_1_61' title='bbox 63 789 212 812; x_wconf 81' lang='lat' dir='ltr'>crearunt</span> <span class='ocrx_word' id='word_1_62' title='bbox 228 791 235 812; x_wconf 87' lang='lat'>:</span> <span class='ocrx_word' id='word_1_63' title='bbox 253 781 291 811; x_wconf 88' lang='lat' dir='ltr'>de</span> <span class='ocrx_word' id='word_1_64' title='bbox 302 782 418 822; x_wconf 82' lang='lat' dir='ltr'><em>palma</em></span> <span class='ocrx_word' id='word_1_65' title='bbox 434 781 498 811; x_wconf 73' lang='lat' dir='ltr'>vid.</span> <span class='ocrx_word' id='word_1_66' title='bbox 514 782 630 812; x_wconf 84' lang='lat' dir='ltr'><strong>Pallad.</strong></span> 
     </span>
     <span class='ocr_line' id='line_1_14' title="bbox 62 828 631 869; baseline -0.004 -11"><span class='ocrx_word' id='word_1_67' title='bbox 62 829 166 869; x_wconf 83' lang='lat' dir='ltr'>April.</span> <span class='ocrx_word' id='word_1_68' title='bbox 198 839 265 868; x_wconf 77' lang='lat' dir='ltr'>cap.</span> <span class='ocrx_word' id='word_1_69' title='bbox 306 830 324 858; x_wconf 88' lang='lat'><em>5</em></span> <span class='ocrx_word' id='word_1_70' title='bbox 337 851 345 866; x_wconf 88' lang='lat'>‚</span> <span class='ocrx_word' id='word_1_71' title='bbox 387 839 418 865; x_wconf 83' lang='lat'>2,</span> <span class='ocrx_word' id='word_1_72' title='bbox 448 828 486 857; x_wconf 84' lang='lat' dir='ltr'>de</span> <span class='ocrx_word' id='word_1_73' title='bbox 516 838 631 867; x_wconf 83' lang='lat' dir='ltr'>quercu</span> 
     </span>
     <span class='ocr_line' id='line_1_15' title="bbox 63 874 634 912; baseline 0 -8"><span class='ocrx_word' id='word_1_74' title='bbox 63 875 187 905; x_wconf 89' lang='lat' dir='ltr'>Colum.</span> <span class='ocrx_word' id='word_1_75' title='bbox 216 876 274 911; x_wconf 91' lang='lat' dir='ltr'>IV,</span> <span class='ocrx_word' id='word_1_76' title='bbox 305 876 366 912; x_wconf 83' lang='lat'>33,</span> <span class='ocrx_word' id='word_1_77' title='bbox 397 875 487 905; x_wconf 85' lang='lat'>5.—</span> <span class='ocrx_word' id='word_1_78' title='bbox 510 874 563 904; x_wconf 87' lang='lat'>65.</span> <span class='ocrx_word' id='word_1_79' title='bbox 589 875 634 904; x_wconf 82' lang='lat' dir='ltr'>Et</span> 
     </span>
     <span class='ocr_line' id='line_1_16' title="bbox 63 921 630 951; baseline 0 -2"><span class='ocrx_word' id='word_1_80' title='bbox 63 921 152 951; x_wconf 78' lang='lat' dir='ltr'>durae</span> <span class='ocrx_word' id='word_1_81' title='bbox 176 921 294 951; x_wconf 76' lang='lat' dir='ltr'>Medic.</span> <span class='ocrx_word' id='word_1_82' title='bbox 318 929 348 950; x_wconf 90' lang='lat' dir='ltr'>et</span> <span class='ocrx_word' id='word_1_83' title='bbox 367 922 464 950; x_wconf 83' lang='lat' dir='ltr'>ceteri</span> <span class='ocrx_word' id='word_1_84' title='bbox 483 921 547 950; x_wconf 83' lang='lat' dir='ltr'>fere</span> <span class='ocrx_word' id='word_1_85' title='bbox 565 930 630 949; x_wconf 91' lang='lat' dir='ltr'>om-</span> 
     </span>
     <span class='ocr_line' id='line_1_17' title="bbox 63 966 629 1008; baseline -0.002 -12"><span class='ocrx_word' id='word_1_86' title='bbox 63 978 117 996; x_wconf 83' lang='lat' dir='ltr'>nes</span> <span class='ocrx_word' id='word_1_87' title='bbox 133 977 140 997; x_wconf 88' lang='lat'>:</span> <span class='ocrx_word' id='word_1_88' title='bbox 155 967 282 1008; x_wconf 84' lang='lat' dir='ltr'>quidam</span> <span class='ocrx_word' id='word_1_89' title='bbox 298 978 371 997; x_wconf 88' lang='lat' dir='ltr'>cum</span> <span class='ocrx_word' id='word_1_90' title='bbox 384 970 484 998; x_wconf 80' lang='lat' dir='ltr'>Ruaeo</span> <span class='ocrx_word' id='word_1_91' title='bbox 503 974 533 996; x_wconf 81' lang='lat' dir='ltr'>et</span> <span class='ocrx_word' id='word_1_92' title='bbox 545 966 629 1003; x_wconf 85' lang='lat' dir='ltr'>aliis,</span> 
     </span>
     <span class='ocr_line' id='line_1_18' title="bbox 62 1012 633 1052; baseline 0.002 -11"><span class='ocrx_word' id='word_1_93' title='bbox 62 1013 178 1044; x_wconf 82' lang='lat' dir='ltr'>eduroe.</span> <span class='ocrx_word' id='word_1_94' title='bbox 200 1031 245 1036; x_wconf 95' lang='lat'>-——</span> <span class='ocrx_word' id='word_1_95' title='bbox 261 1014 316 1052; x_wconf 83' lang='lat'>67.</span> <span class='ocrx_word' id='word_1_96' title='bbox 345 1015 385 1043; x_wconf 87' lang='lat' dir='ltr'>In</span> <span class='ocrx_word' id='word_1_97' title='bbox 413 1013 468 1043; x_wconf 83' lang='lat' dir='ltr'>illo</span> <span class='ocrx_word' id='word_1_98' title='bbox 495 1012 633 1044; x_wconf 68' lang='lat' dir='ltr'>Chaonia·</span> 
     </span>
     <span class='ocr_line' id='line_1_19' title="bbox 57 1059 630 1100; baseline 0.002 -12"><span class='ocrx_word' id='word_1_99' title='bbox 57 1059 163 1098; x_wconf 81' lang='lat' dir='ltr'>patris</span> <span class='ocrx_word' id='word_1_100' title='bbox 185 1061 284 1100; x_wconf 87' lang='lat' dir='ltr'><strong>possit</strong></span> <span class='ocrx_word' id='word_1_101' title='bbox 306 1059 497 1089; x_wconf 79' lang='lat' dir='ltr'>subtimidus</span> <span class='ocrx_word' id='word_1_102' title='bbox 519 1060 630 1099; x_wconf 82' lang='lat' dir='ltr'>aliquis</span> 
     </span>
     <span class='ocr_line' id='line_1_20' title="bbox 63 1105 630 1146; baseline 0.002 -12"><span class='ocrx_word' id='word_1_103' title='bbox 63 1105 206 1144; x_wconf 77' lang='lat' dir='ltr'>haerere,</span> <span class='ocrx_word' id='word_1_104' title='bbox 234 1116 307 1135; x_wconf 87' lang='lat' dir='ltr'>cum</span> <span class='ocrx_word' id='word_1_105' title='bbox 331 1106 473 1136; x_wconf 74' lang='lat' dir='ltr'>absolute</span> <span class='ocrx_word' id='word_1_106' title='bbox 501 1105 630 1146; x_wconf 79' lang='lat' dir='ltr'>quidem</span> 
     </span>
     <span class='ocr_line' id='line_1_21' title="bbox 56 1153 630 1192; baseline 0.002 -12"><span class='ocrx_word' id='word_1_107' title='bbox 56 1159 153 1191; x_wconf 83' lang='lat' dir='ltr'>pater</span> <span class='ocrx_word' id='word_1_108' title='bbox 166 1153 290 1192; x_wconf 82' lang='lat' dir='ltr'>saepins,</span> <span class='ocrx_word' id='word_1_109' title='bbox 304 1153 360 1182; x_wconf 79' lang='lat' dir='ltr'>vix</span> <span class='ocrx_word' id='word_1_110' title='bbox 374 1162 450 1182; x_wconf 79' lang='lat' dir='ltr'>vero</span> <span class='ocrx_word' id='word_1_111' title='bbox 466 1162 540 1181; x_wconf 90' lang='lat' dir='ltr'>cum</span> <span class='ocrx_word' id='word_1_112' title='bbox 556 1162 630 1192; x_wconf 78' lang='lat' dir='ltr'>gen-</span> 
     </span>
     <span class='ocr_line' id='line_1_22' title="bbox 60 1197 629 1237; baseline 0.002 -10"><span class='ocrx_word' id='word_1_113' title='bbox 60 1198 108 1227; x_wconf 81' lang='lat' dir='ltr'>n&#39;li</span> <span class='ocrx_word' id='word_1_114' title='bbox 131 1197 236 1237; x_wconf 87' lang='lat' dir='ltr'>aliquo</span> <span class='ocrx_word' id='word_1_115' title='bbox 264 1199 393 1228; x_wconf 85' lang='lat' dir='ltr'>nomine</span> <span class='ocrx_word' id='word_1_116' title='bbox 417 1198 550 1228; x_wconf 87' lang='lat' dir='ltr'>dicatur.</span> <span class='ocrx_word' id='word_1_117' title='bbox 568 1198 629 1228; x_wconf 90' lang='lat' dir='ltr'>Cui</span> 
     </span>
     <span class='ocr_line' id='line_1_23' title="bbox 61 1244 631 1284; baseline 0.004 -12"><span class='ocrx_word' id='word_1_118' title='bbox 61 1245 105 1273; x_wconf 83' lang='lat' dir='ltr'>rei</span> <span class='ocrx_word' id='word_1_119' title='bbox 117 1251 225 1284; x_wconf 84' lang='lat' dir='ltr'>parata</span> <span class='ocrx_word' id='word_1_120' title='bbox 239 1245 395 1274; x_wconf 83' lang='lat' dir='ltr'>medicina</span> <span class='ocrx_word' id='word_1_121' title='bbox 410 1245 491 1274; x_wconf 81' lang='lat' dir='ltr'>foret</span> <span class='ocrx_word' id='word_1_122' title='bbox 504 1254 512 1274; x_wconf 86' lang='grc'>;</span> <span class='ocrx_word' id='word_1_123' title='bbox 532 1244 631 1274; x_wconf 78' lang='lat' dir='ltr'><em>Chao-</em></span> 
     </span>
     <span class='ocr_line' id='line_1_24' title="bbox 63 1290 633 1332; baseline 0.002 -13"><span class='ocrx_word' id='word_1_124' title='bbox 63 1290 188 1330; x_wconf 77' lang='lat' dir='ltr'>nl&#39;aeque</span> <span class='ocrx_word' id='word_1_125' title='bbox 214 1290 319 1331; x_wconf 82' lang='lat' dir='ltr'>patris</span> <span class='ocrx_word' id='word_1_126' title='bbox 344 1291 493 1332; x_wconf 75' lang='lat' dir='ltr'><em>glandes.</em></span> <span class='ocrx_word' id='word_1_127' title='bbox 517 1308 564 1315; x_wconf 78' lang='lat'>—-</span> <span class='ocrx_word' id='word_1_128' title='bbox 589 1292 633 1320; x_wconf 84' lang='lat' dir='ltr'>Ec</span> 
     </span>
     <span class='ocr_line' id='line_1_25' title="bbox 57 1335 631 1375; baseline 0 -10"><span class='ocrx_word' id='word_1_129' title='bbox 57 1335 125 1375; x_wconf 84' lang='lat' dir='ltr'>jam</span> <span class='ocrx_word' id='word_1_130' title='bbox 144 1337 228 1367; x_wconf 87' lang='lat' dir='ltr'><strong>Gud.</strong></span> <span class='ocrx_word' id='word_1_131' title='bbox 247 1344 277 1366; x_wconf 88' lang='lat' dir='ltr'>et</span> <span class='ocrx_word' id='word_1_132' title='bbox 295 1337 398 1367; x_wconf 82' lang='lat' dir='ltr'><strong><em>ardua</em></strong></span> <span class='ocrx_word' id='word_1_133' title='bbox 411 1337 493 1367; x_wconf 89' lang='lat' dir='ltr'>Toll.</span> <span class='ocrx_word' id='word_1_134' title='bbox 509 1337 631 1366; x_wconf 83' lang='lat' dir='ltr'><em>Planta</em></span> 
     </span>
     <span class='ocr_line' id='line_1_26' title="bbox 61 1383 170 1412; baseline 0.009 -1"><span class='ocrx_word' id='word_1_135' title='bbox 61 1383 170 1412; x_wconf 83' lang='lat' dir='ltr'>Franc.</span> 
     </span>
     <span class='ocr_line' id='line_1_27' title="bbox 107 1428 630 1467; baseline 0.002 -11"><span class='ocrx_word' id='word_1_136' title='bbox 107 1428 151 1467; x_wconf 83' lang='lat'>69</span> <span class='ocrx_word' id='word_1_137' title='bbox 165 1445 211 1451; x_wconf 95' lang='lat'>—</span> <span class='ocrx_word' id='word_1_138' title='bbox 226 1439 279 1466; x_wconf 89' lang='lat'>72.</span> <span class='ocrx_word' id='word_1_139' title='bbox 303 1428 414 1458; x_wconf 81' lang='lat' dir='ltr'>Insitio</span> <span class='ocrx_word' id='word_1_140' title='bbox 432 1428 569 1458; x_wconf 86' lang='lat' dir='ltr'>restabat</span> <span class='ocrx_word' id='word_1_141' title='bbox 591 1439 630 1458; x_wconf 84' lang='lat' dir='ltr'>ex</span> 
     </span>
     <span class='ocr_line' id='line_1_28' title="bbox 61 1475 632 1514; baseline 0 -11"><span class='ocrx_word' id='word_1_142' title='bbox 61 1485 90 1504; x_wconf 77' lang='lat' dir='ltr'>v.</span> <span class='ocrx_word' id='word_1_143' title='bbox 119 1475 160 1503; x_wconf 83' lang='lat'>32</span> <span class='ocrx_word' id='word_1_144' title='bbox 184 1485 230 1514; x_wconf 89' lang='lat' dir='ltr'>sq.</span> <span class='ocrx_word' id='word_1_145' title='bbox 259 1476 386 1514; x_wconf 83' lang='lat' dir='ltr'>Optime</span> <span class='ocrx_word' id='word_1_146' title='bbox 410 1475 560 1503; x_wconf 86' lang='lat' dir='ltr'>inseritur</span> <span class='ocrx_word' id='word_1_147' title='bbox 580 1485 632 1503; x_wconf 87' lang='lat' dir='ltr'>ar-</span> 
     </span>
     <span class='ocr_line' id='line_1_29' title="bbox 60 1520 630 1557; baseline 0 -8"><span class='ocrx_word' id='word_1_148' title='bbox 60 1520 151 1556; x_wconf 82' lang='lat' dir='ltr'>buto,</span> <span class='ocrx_word' id='word_1_149' title='bbox 181 1521 216 1549; x_wconf 86' lang='lat' dir='ltr'>in</span> <span class='ocrx_word' id='word_1_150' title='bbox 239 1520 374 1556; x_wconf 84' lang='lat' dir='ltr'>arbuto,</span> <span class='ocrx_word' id='word_1_151' title='bbox 401 1521 436 1550; x_wconf 90' lang='lat' dir='ltr'>in</span> <span class='ocrx_word' id='word_1_152' title='bbox 459 1520 606 1550; x_wconf 81' lang='lat' dir='ltr'>arbatum</span> <span class='ocrx_word' id='word_1_153' title='bbox 621 1542 630 1557; x_wconf 93' lang='lat'><strong>,</strong></span> 
     </span>
     <span class='ocr_line' id='line_1_30' title="bbox 62 1566 631 1605; baseline 0 -10"><span class='ocrx_word' id='word_1_154' title='bbox 62 1567 73 1605; x_wconf 91' lang='lat'>(</span> <span class='ocrx_word' id='word_1_155' title='bbox 99 1566 230 1596; x_wconf 78' lang='lat' dir='ltr'>horrida</span> <span class='ocrx_word' id='word_1_156' title='bbox 256 1576 290 1597; x_wconf 83' lang='lat' dir='ltr'>ea</span> <span class='ocrx_word' id='word_1_157' title='bbox 320 1566 437 1596; x_wconf 86' lang='lat' dir='ltr'>dicitur</span> <span class='ocrx_word' id='word_1_158' title='bbox 465 1577 482 1595; x_wconf 85' lang='lat' dir='ltr'>a</span> <span class='ocrx_word' id='word_1_159' title='bbox 514 1567 631 1596; x_wconf 79' lang='lat' dir='ltr'>cortice</span> 
     </span>
     <span class='ocr_line' id='line_1_31' title="bbox 61 1612 631 1653; baseline -0.002 -11"><span class='ocrx_word' id='word_1_160' title='bbox 61 1612 187 1653; x_wconf 84' lang='lat' dir='ltr'>hispido</span> <span class='ocrx_word' id='word_1_161' title='bbox 200 1620 231 1642; x_wconf 87' lang='lat' dir='ltr'>et</span> <span class='ocrx_word' id='word_1_162' title='bbox 245 1612 377 1653; x_wconf 75' lang='lat' dir='ltr'>aspero)</span> <span class='ocrx_word' id='word_1_163' title='bbox 393 1623 461 1641; x_wconf 81' lang='lat' dir='ltr'>nux</span> <span class='ocrx_word' id='word_1_164' title='bbox 471 1635 479 1649; x_wconf 82' lang='lat'><em>‚</em></span> <span class='ocrx_word' id='word_1_165' title='bbox 490 1612 631 1652; x_wconf 80' lang='lat' dir='ltr'>platano</span> 
     </span>
     <span class='ocr_line' id='line_1_32' title="bbox 62 1658 631 1700; baseline 0 -12"><span class='ocrx_word' id='word_1_166' title='bbox 62 1659 161 1688; x_wconf 79' lang='lat' dir='ltr'><strong>malus</strong></span> <span class='ocrx_word' id='word_1_167' title='bbox 172 1681 180 1696; x_wconf 92' lang='lat'>‚</span> <span class='ocrx_word' id='word_1_168' title='bbox 198 1658 284 1700; x_wconf 79' lang='lat' dir='ltr'>sago</span> <span class='ocrx_word' id='word_1_169' title='bbox 300 1666 441 1689; x_wconf 83' lang='lat' dir='ltr'>castanea</span> <span class='ocrx_word' id='word_1_170' title='bbox 452 1681 461 1695; x_wconf 87' lang='lat'><em>‚</em></span> <span class='ocrx_word' id='word_1_171' title='bbox 487 1669 563 1688; x_wconf 81' lang='lat' dir='ltr'>orno</span> <span class='ocrx_word' id='word_1_172' title='bbox 584 1660 631 1699; x_wconf 87' lang='lat' dir='ltr'>pi-</span> 
     </span>
     <span class='ocr_line' id='line_1_33' title="bbox 62 1705 632 1746; baseline 0.004 -13"><span class='ocrx_word' id='word_1_173' title='bbox 62 1715 135 1742; x_wconf 86' lang='lat' dir='ltr'>rus,</span> <span class='ocrx_word' id='word_1_174' title='bbox 160 1712 192 1735; x_wconf 88' lang='lat' dir='ltr'>et</span> <span class='ocrx_word' id='word_1_175' title='bbox 215 1706 300 1735; x_wconf 82' lang='lat' dir='ltr'>ulmo</span> <span class='ocrx_word' id='word_1_176' title='bbox 321 1716 468 1746; x_wconf 84' lang='lat' dir='ltr'>quercus.</span> <span class='ocrx_word' id='word_1_177' title='bbox 491 1705 632 1745; x_wconf 81' lang='lat' dir='ltr'><strong>Respicit</strong></span> 
     </span>
     <span class='ocr_line' id='line_1_34' title="bbox 62 1750 632 1789; baseline 0.004 -10"><span class='ocrx_word' id='word_1_178' title='bbox 62 1750 169 1781; x_wconf 87' lang='lat' dir='ltr'>locum</span> <span class='ocrx_word' id='word_1_179' title='bbox 183 1751 263 1782; x_wconf 82' lang='lat' dir='ltr'>Plin.</span> <span class='ocrx_word' id='word_1_180' title='bbox 277 1754 350 1788; x_wconf 80' lang='lat' dir='ltr'>XV,</span> <span class='ocrx_word' id='word_1_181' title='bbox 370 1762 382 1781; x_wconf 93' lang='lat'>1</span> <span class='ocrx_word' id='word_1_182' title='bbox 392 1752 409 1781; x_wconf 83' lang='lat'><em>5</em></span> <span class='ocrx_word' id='word_1_183' title='bbox 421 1774 429 1788; x_wconf 84' lang='lat'>‚</span> <span class='ocrx_word' id='word_1_184' title='bbox 442 1762 467 1782; x_wconf 81' lang='lat' dir='ltr'>s,</span> <span class='ocrx_word' id='word_1_185' title='bbox 487 1762 499 1780; x_wconf 94' lang='lat'>1</span> <span class='ocrx_word' id='word_1_186' title='bbox 509 1762 538 1789; x_wconf 87' lang='lat'>7.</span> <span class='ocrx_word' id='word_1_187' title='bbox 558 1753 632 1781; x_wconf 91' lang='lat' dir='ltr'>Tra-</span> 
     </span>
     <span class='ocr_line' id='line_1_35' title="bbox 64 1796 629 1838; baseline 0.002 -13"><span class='ocrx_word' id='word_1_188' title='bbox 64 1796 186 1826; x_wconf 81' lang='lat' dir='ltr'>duntur</span> <span class='ocrx_word' id='word_1_189' title='bbox 215 1797 267 1827; x_wconf 85' lang='lat' dir='ltr'>hic</span> <span class='ocrx_word' id='word_1_190' title='bbox 295 1799 452 1827; x_wconf 86' lang='lat' dir='ltr'>insitionis</span> <span class='ocrx_word' id='word_1_191' title='bbox 484 1807 597 1838; x_wconf 84' lang='lat' dir='ltr'>genera</span> <span class='ocrx_word' id='word_1_192' title='bbox 621 1818 629 1833; x_wconf 89' lang='lat'>‚</span> 
     </span>
     <span class='ocr_line' id='line_1_36' title="bbox 63 1843 630 1884; baseline 0.004 -13"><span class='ocrx_word' id='word_1_193' title='bbox 63 1853 135 1882; x_wconf 86' lang='lat' dir='ltr'>quae</span> <span class='ocrx_word' id='word_1_194' title='bbox 159 1853 176 1872; x_wconf 89' lang='lat' dir='ltr'>a</span> <span class='ocrx_word' id='word_1_195' title='bbox 201 1845 317 1874; x_wconf 86' lang='lat' dir='ltr'>nostris</span> <span class='ocrx_word' id='word_1_196' title='bbox 340 1843 544 1880; x_wconf 86' lang='lat' dir='ltr'>hominibus,</span> <span class='ocrx_word' id='word_1_197' title='bbox 574 1845 630 1884; x_wconf 89' lang='lat' dir='ltr'>qui</span> 
     </span>
     <span class='ocr_line' id='line_1_37' title="bbox 63 1888 630 1930; baseline 0.005 -14"><span class='ocrx_word' id='word_1_198' title='bbox 63 1888 97 1917; x_wconf 88' lang='lat' dir='ltr'>in</span> <span class='ocrx_word' id='word_1_199' title='bbox 117 1888 177 1918; x_wconf 84' lang='lat' dir='ltr'>hac</span> <span class='ocrx_word' id='word_1_200' title='bbox 198 1900 231 1919; x_wconf 92' lang='lat' dir='ltr'>re</span> <span class='ocrx_word' id='word_1_201' title='bbox 254 1890 372 1930; x_wconf 82' lang='lat' dir='ltr'>aliquid</span> <span class='ocrx_word' id='word_1_202' title='bbox 392 1901 423 1919; x_wconf 93' lang='lat' dir='ltr'>se</span> <span class='ocrx_word' id='word_1_203' title='bbox 444 1889 551 1919; x_wconf 83' lang='lat' dir='ltr'>videre</span> <span class='ocrx_word' id='word_1_204' title='bbox 568 1900 630 1930; x_wconf 89' lang='lat' dir='ltr'>pu-</span> 
     </span>
     <span class='ocr_line' id='line_1_38' title="bbox 62 1935 630 1976; baseline 0.005 -13"><span class='ocrx_word' id='word_1_205' title='bbox 62 1940 149 1971; x_wconf 81' lang='lat' dir='ltr'>tant,</span> <span class='ocrx_word' id='word_1_206' title='bbox 171 1943 326 1976; x_wconf 85' lang='lat' dir='ltr'>negamur</span> <span class='ocrx_word' id='word_1_207' title='bbox 346 1935 415 1965; x_wconf 86' lang='lat' dir='ltr'>fieri</span> <span class='ocrx_word' id='word_1_208' title='bbox 434 1946 524 1976; x_wconf 87' lang='lat' dir='ltr'>posse</span> <span class='ocrx_word' id='word_1_209' title='bbox 539 1945 546 1966; x_wconf 89' lang='lat'><strong>:</strong></span> <span class='ocrx_word' id='word_1_210' title='bbox 563 1946 630 1966; x_wconf 91' lang='lat' dir='ltr'>non</span> 
     </span>
     <span class='ocr_line' id='line_1_39' title="bbox 62 1981 628 2021; baseline 0.005 -12"><span class='ocrx_word' id='word_1_211' title='bbox 62 1981 146 2009; x_wconf 87' lang='lat' dir='ltr'>enim</span> <span class='ocrx_word' id='word_1_212' title='bbox 160 1981 256 2011; x_wconf 81' lang='lat' dir='ltr'>inseri</span> <span class='ocrx_word' id='word_1_213' title='bbox 268 1992 360 2021; x_wconf 84' lang='lat' dir='ltr'>posse</span> <span class='ocrx_word' id='word_1_214' title='bbox 375 1981 519 2012; x_wconf 85' lang='lat' dir='ltr'>arborem</span> <span class='ocrx_word' id='word_1_215' title='bbox 537 1981 628 2012; x_wconf 82' lang='lat' dir='ltr'>arbo-</span> 
     </span>
     <span class='ocr_line' id='line_1_40' title="bbox 61 2027 627 2068; baseline 0.002 -13"><span class='ocrx_word' id='word_1_216' title='bbox 61 2027 108 2062; x_wconf 88' lang='lat' dir='ltr'>ri,</span> <span class='ocrx_word' id='word_1_217' title='bbox 135 2028 195 2056; x_wconf 83' lang='lat' dir='ltr'>nisi</span> <span class='ocrx_word' id='word_1_218' title='bbox 211 2028 259 2056; x_wconf 87' lang='lat' dir='ltr'>sui</span> <span class='ocrx_word' id='word_1_219' title='bbox 273 2029 402 2067; x_wconf 87' lang='lat' dir='ltr'>generis.</span> <span class='ocrx_word' id='word_1_220' title='bbox 426 2030 527 2068; x_wconf 82' lang='lat' dir='ltr'>Negat</span> <span class='ocrx_word' id='word_1_221' title='bbox 545 2027 627 2057; x_wconf 81' lang='lat' dir='ltr'>idem</span> 
     </span>
     <span class='ocr_line' id='line_1_41' title="bbox 41 2073 628 2113; baseline 0.005 -12"><span class='ocrx_word' id='word_1_222' title='bbox 41 2076 51 2083; x_wconf 83' lang='lat'><em>⁰</em></span> <span class='ocrx_word' id='word_1_223' title='bbox 62 2079 174 2103; x_wconf 77' lang='lat' dir='ltr'>auctor</span> <span class='ocrx_word' id='word_1_224' title='bbox 183 2075 456 2113; x_wconf 71' lang='lat' dir='ltr'>praestantissimus</span> <span class='ocrx_word' id='word_1_225' title='bbox 464 2073 628 2104; x_wconf 83' lang='lat' dir='ltr'>Millerus:</span> 
     </span>
     <span class='ocr_line' id='line_1_42' title="bbox 64 2119 627 2159; baseline 0.002 -12"><span class='ocrx_word' id='word_1_226' title='bbox 64 2119 105 2148; x_wconf 84' lang='lat' dir='ltr'>cf.</span> <span class='ocrx_word' id='word_1_227' title='bbox 128 2120 259 2150; x_wconf 79' lang='lat' dir='ltr'>Marn&#39;n.</span> <span class='ocrx_word' id='word_1_228' title='bbox 276 2119 315 2149; x_wconf 79' lang='lat' dir='ltr'>ad</span> <span class='ocrx_word' id='word_1_229' title='bbox 333 2119 366 2150; x_wconf 89' lang='lat' dir='ltr'>h.</span> <span class='ocrx_word' id='word_1_230' title='bbox 382 2120 403 2150; x_wconf 90' lang='lat' dir='ltr'>l.</span> <span class='ocrx_word' id='word_1_231' title='bbox 417 2121 519 2159; x_wconf 86' lang='lat' dir='ltr'>Negat</span> <span class='ocrx_word' id='word_1_232' title='bbox 535 2120 627 2149; x_wconf 76' lang='lat' dir='ltr'>etiam</span> 
     </span>
     <span class='ocr_line' id='line_1_43' title="bbox 63 2164 629 2206; baseline 0.002 -12"><span class='ocrx_word' id='word_1_233' title='bbox 63 2164 108 2194; x_wconf 90' lang='lat' dir='ltr'>du</span> <span class='ocrx_word' id='word_1_234' title='bbox 120 2165 233 2195; x_wconf 74' lang='lat' dir='ltr'>Hamel</span> <span class='ocrx_word' id='word_1_235' title='bbox 257 2166 268 2206; x_wconf 89' lang='lat'>(</span> <span class='ocrx_word' id='word_1_236' title='bbox 282 2165 436 2206; x_wconf 79' lang='lat' dir='ltr'>Physique</span> <span class='ocrx_word' id='word_1_237' title='bbox 452 2166 506 2195; x_wconf 77' lang='lat' dir='ltr'>des</span> <span class='ocrx_word' id='word_1_238' title='bbox 524 2165 629 2195; x_wconf 64' lang='lat' dir='ltr'>arbre,</span> 
     </span>
     <span class='ocr_line' id='line_1_44' title="bbox 62 2211 625 2249; baseline 0.002 -9"><span class='ocrx_word' id='word_1_239' title='bbox 62 2220 94 2249; x_wconf 87' lang='lat' dir='ltr'>p.</span> <span class='ocrx_word' id='word_1_240' title='bbox 118 2212 144 2241; x_wconf 74' lang='grc' dir='ltr'>Ι.</span> <span class='ocrx_word' id='word_1_241' title='bbox 169 2211 225 2241; x_wconf 88' lang='lat' dir='ltr'>liv.</span> <span class='ocrx_word' id='word_1_242' title='bbox 253 2213 319 2249; x_wconf 85' lang='lat' dir='ltr'>lv,</span> <span class='ocrx_word' id='word_1_243' title='bbox 344 2223 371 2242; x_wconf 92' lang='lat' dir='ltr'>c.</span> <span class='ocrx_word' id='word_1_244' title='bbox 395 2219 425 2248; x_wconf 80' lang='grc'>4.</span> <span class='ocrx_word' id='word_1_245' title='bbox 459 2219 515 2242; x_wconf 83' lang='lat' dir='ltr'>art.</span> <span class='ocrx_word' id='word_1_246' title='bbox 544 2213 625 2247; x_wconf 86' lang='lat' dir='ltr'>VII,</span> 
     </span>
    </p>
   </div>
   <div class='ocr_carea' id='block_1_5' title="bbox 188 2277 218 2310">
    <p class='ocr_par' dir='ltr' id='par_1_7' title="bbox 188 2277 218 2310">
     <span class='ocr_line' id='line_1_45' title="bbox 188 2277 218 2310; baseline 0 0"><span class='ocrx_word' id='word_1_247' title='bbox 188 2277 218 2310; x_wconf 91' lang='grc' dir='ltr'>Ι.</span> 
     </span>
    </p>
   </div>
   <div class='ocr_carea' id='block_1_6' title="bbox 674 547 1258 2254">
    <p class='ocr_par' dir='ltr' id='par_1_8' title="bbox 674 547 1258 2254">
     <span class='ocr_line' id='line_1_46' title="bbox 683 547 1252 590; baseline 0.007 -12"><span class='ocrx_word' id='word_1_248' title='bbox 683 560 754 590; x_wconf 82' lang='lat' dir='ltr'>pag.</span> <span class='ocrx_word' id='word_1_249' title='bbox 771 548 813 578; x_wconf 83' lang='lat'>85</span> <span class='ocrx_word' id='word_1_250' title='bbox 837 547 949 589; x_wconf 84' lang='lat' dir='ltr'>sqq.),</span> <span class='ocrx_word' id='word_1_251' title='bbox 974 558 1047 577; x_wconf 90' lang='lat' dir='ltr'>cum</span> <span class='ocrx_word' id='word_1_252' title='bbox 1071 555 1175 580; x_wconf 83' lang='lat' dir='ltr'>tamen</span> <span class='ocrx_word' id='word_1_253' title='bbox 1201 552 1252 581; x_wconf 77' lang='lat' dir='ltr'>alii</span> 
     </span>
     <span class='ocr_line' id='line_1_47' title="bbox 685 595 1252 635; baseline 0.004 -10"><span class='ocrx_word' id='word_1_254' title='bbox 685 606 765 626; x_wconf 92' lang='lat' dir='ltr'>orno</span> <span class='ocrx_word' id='word_1_255' title='bbox 787 606 819 624; x_wconf 84' lang='lat' dir='ltr'>se</span> <span class='ocrx_word' id='word_1_256' title='bbox 840 596 988 625; x_wconf 79' lang='lat' dir='ltr'>insevisse</span> <span class='ocrx_word' id='word_1_257' title='bbox 1005 595 1129 635; x_wconf 86' lang='lat' dir='ltr'>pirum,</span> <span class='ocrx_word' id='word_1_258' title='bbox 1156 605 1252 627; x_wconf 82' lang='lat' dir='ltr'>casta-</span> 
     </span>
     <span class='ocr_line' id='line_1_48' title="bbox 684 641 1254 682; baseline 0.005 -11"><span class='ocrx_word' id='word_1_259' title='bbox 684 652 776 671; x_wconf 85' lang='lat' dir='ltr'>neam</span> <span class='ocrx_word' id='word_1_260' title='bbox 789 641 938 682; x_wconf 87' lang='lat' dir='ltr'>quercui,</span> <span class='ocrx_word' id='word_1_261' title='bbox 952 647 1116 672; x_wconf 81' lang='lat' dir='ltr'>testentur.</span> <span class='ocrx_word' id='word_1_262' title='bbox 1132 645 1254 674; x_wconf 73' lang='lat' dir='ltr'>verum</span> 
     </span>
     <span class='ocr_line' id='line_1_49' title="bbox 686 687 1254 729; baseline 0.004 -11"><span class='ocrx_word' id='word_1_263' title='bbox 686 695 715 718; x_wconf 87' lang='lat' dir='ltr'>et</span> <span class='ocrx_word' id='word_1_264' title='bbox 733 688 857 718; x_wconf 88' lang='lat' dir='ltr'>Colum.</span> <span class='ocrx_word' id='word_1_265' title='bbox 877 687 933 717; x_wconf 88' lang='lat' dir='ltr'>lib.</span> <span class='ocrx_word' id='word_1_266' title='bbox 951 689 998 724; x_wconf 88' lang='lat' dir='ltr'>V,</span> <span class='ocrx_word' id='word_1_267' title='bbox 1023 698 1079 725; x_wconf 84' lang='lat'>11,</span> <span class='ocrx_word' id='word_1_268' title='bbox 1094 688 1114 729; x_wconf 82' lang='lat'>§</span> <span class='ocrx_word' id='word_1_269' title='bbox 1146 700 1182 719; x_wconf 88' lang='lat'>12</span> <span class='ocrx_word' id='word_1_270' title='bbox 1202 701 1254 719; x_wconf 87' lang='lat' dir='ltr'>an-</span> 
     </span>
     <span class='ocr_line' id='line_1_50' title="bbox 686 733 1255 774; baseline 0.005 -11"><span class='ocrx_word' id='word_1_271' title='bbox 686 735 790 774; x_wconf 85' lang='lat' dir='ltr'>tiquos</span> <span class='ocrx_word' id='word_1_272' title='bbox 814 733 978 763; x_wconf 81' lang='lat' dir='ltr'>contendit</span> <span class='ocrx_word' id='word_1_273' title='bbox 997 734 1078 763; x_wconf 81' lang='lat' dir='ltr'>male</span> <span class='ocrx_word' id='word_1_274' title='bbox 1098 735 1182 765; x_wconf 86' lang='lat' dir='ltr'>idem</span> <span class='ocrx_word' id='word_1_275' title='bbox 1200 747 1255 766; x_wconf 81' lang='lat' dir='ltr'>ne-</span> 
     </span>
     <span class='ocr_line' id='line_1_51' title="bbox 685 780 1255 823; baseline 0.004 -13"><span class='ocrx_word' id='word_1_276' title='bbox 685 791 770 822; x_wconf 83' lang='lat' dir='ltr'>gasse</span> <span class='ocrx_word' id='word_1_277' title='bbox 781 802 790 817; x_wconf 85' lang='lat'>‚</span> <span class='ocrx_word' id='word_1_278' title='bbox 811 787 843 810; x_wconf 79' lang='lat' dir='ltr'>et</span> <span class='ocrx_word' id='word_1_279' title='bbox 856 780 1020 821; x_wconf 81' lang='lat' dir='ltr'><em>quandam</em></span> <span class='ocrx_word' id='word_1_280' title='bbox 1038 782 1134 819; x_wconf 83' lang='lat' dir='ltr'><em>quasi</em></span> <span class='ocrx_word' id='word_1_281' title='bbox 1150 782 1255 823; x_wconf 76' lang='lat' dir='ltr'>legem</span> 
     </span>
     <span class='ocr_line' id='line_1_52' title="bbox 685 825 1255 862; baseline 0.004 -6"><span class='ocrx_word' id='word_1_282' title='bbox 685 825 833 856; x_wconf 78' lang='lat' dir='ltr'>sanxisse</span> <span class='ocrx_word' id='word_1_283' title='bbox 844 849 852 862; x_wconf 90' lang='lat'>‚</span> <span class='ocrx_word' id='word_1_284' title='bbox 881 836 933 855; x_wconf 83' lang='lat' dir='ltr'>eos</span> <span class='ocrx_word' id='word_1_285' title='bbox 961 834 1084 856; x_wconf 77' lang='lat' dir='ltr'>tamum</span> <span class='ocrx_word' id='word_1_286' title='bbox 1115 829 1255 858; x_wconf 80' lang='lat' dir='ltr'>surculos</span> 
     </span>
     <span class='ocr_line' id='line_1_53' title="bbox 678 872 1253 914; baseline 0.003 -12"><span class='ocrx_word' id='word_1_287' title='bbox 678 883 773 914; x_wconf 84' lang='lat' dir='ltr'>posse</span> <span class='ocrx_word' id='word_1_288' title='bbox 797 873 989 908; x_wconf 80' lang='lat' dir='ltr'><em>coalescere,</em></span> <span class='ocrx_word' id='word_1_289' title='bbox 1019 872 1075 913; x_wconf 81' lang='lat' dir='ltr'>qui</span> <span class='ocrx_word' id='word_1_290' title='bbox 1096 873 1160 903; x_wconf 76' lang='lat' dir='ltr'>sint</span> <span class='ocrx_word' id='word_1_291' title='bbox 1185 886 1253 904; x_wconf 86' lang='lat' dir='ltr'>cor-</span> 
     </span>
     <span class='ocr_line' id='line_1_54' title="bbox 684 918 1254 959; baseline 0 -9"><span class='ocrx_word' id='word_1_292' title='bbox 684 920 743 950; x_wconf 79' lang='lat' dir='ltr'>tice</span> <span class='ocrx_word' id='word_1_293' title='bbox 765 929 806 948; x_wconf 81' lang='grc' dir='ltr'>ασ</span> <span class='ocrx_word' id='word_1_294' title='bbox 827 918 905 948; x_wconf 79' lang='lat' dir='ltr'>libro</span> <span class='ocrx_word' id='word_1_295' title='bbox 927 930 966 948; x_wconf 77' lang='lat' dir='ltr'>ac</span> <span class='ocrx_word' id='word_1_296' title='bbox 980 918 1088 959; x_wconf 78' lang='lat' dir='ltr'>fructu</span> <span class='ocrx_word' id='word_1_297' title='bbox 1105 921 1254 950; x_wconf 76' lang='lat' dir='ltr'>consimi-</span> 
     </span>
     <span class='ocr_line' id='line_1_55' title="bbox 684 964 1255 1005; baseline 0.002 -9"><span class='ocrx_word' id='word_1_298' title='bbox 684 967 730 996; x_wconf 76' lang='lat' dir='ltr'>les</span> <span class='ocrx_word' id='word_1_299' title='bbox 750 964 788 996; x_wconf 78' lang='lat' dir='ltr'>iis</span> <span class='ocrx_word' id='word_1_300' title='bbox 809 965 971 994; x_wconf 80' lang='lat' dir='ltr'><em>arboribus</em></span> <span class='ocrx_word' id='word_1_301' title='bbox 988 965 1097 1005; x_wconf 80' lang='lat' dir='ltr'>quihus</span> <span class='ocrx_word' id='word_1_302' title='bbox 1113 966 1255 997; x_wconf 75' lang='lat' dir='ltr'>inserun-</span> 
     </span>
     <span class='ocr_line' id='line_1_56' title="bbox 683 1011 1254 1052; baseline 0.002 -10"><span class='ocrx_word' id='word_1_303' title='bbox 683 1020 742 1043; x_wconf 78' lang='lat' dir='ltr'>tur.</span> <span class='ocrx_word' id='word_1_304' title='bbox 763 1012 862 1050; x_wconf 89' lang='lat' dir='ltr'>Cujus</span> <span class='ocrx_word' id='word_1_305' title='bbox 876 1012 929 1041; x_wconf 87' lang='lat' dir='ltr'>ille</span> <span class='ocrx_word' id='word_1_306' title='bbox 944 1011 1102 1052; x_wconf 76' lang='lat' dir='ltr'>opinionis</span> <span class='ocrx_word' id='word_1_307' title='bbox 1117 1024 1254 1043; x_wconf 79' lang='lat' dir='ltr'>errorem</span> 
     </span>
     <span class='ocr_line' id='line_1_57' title="bbox 683 1058 1256 1100; baseline 0.002 -12"><span class='ocrx_word' id='word_1_308' title='bbox 683 1058 913 1088; x_wconf 71' lang='lat' dir='ltr'>clt&#39;scutz&#39;endum</span> <span class='ocrx_word' id='word_1_309' title='bbox 926 1059 1181 1099; x_wconf 75' lang='lat' dir='ltr'>tradendumque</span> <span class='ocrx_word' id='word_1_310' title='bbox 1182 1070 1256 1100; x_wconf 86' lang='lat' dir='ltr'>pos-</span> 
     </span>
     <span class='ocr_line' id='line_1_58' title="bbox 684 1105 1255 1146; baseline 0 -11"><span class='ocrx_word' id='word_1_311' title='bbox 684 1105 756 1135; x_wconf 78' lang='lat' dir='ltr'>teris</span> <span class='ocrx_word' id='word_1_312' title='bbox 770 1105 928 1134; x_wconf 77' lang='lat' dir='ltr'>rationem</span> <span class='ocrx_word' id='word_1_313' title='bbox 951 1105 1170 1143; x_wconf 77' lang='lat' dir='ltr'>existimabat,</span> <span class='ocrx_word' id='word_1_314' title='bbox 1190 1117 1255 1146; x_wconf 83' lang='lat' dir='ltr'>qna</span> 
     </span>
     <span class='ocr_line' id='line_1_59' title="bbox 678 1151 1258 1192; baseline 0 -11"><span class='ocrx_word' id='word_1_315' title='bbox 678 1151 780 1192; x_wconf 79' lang='lat' dir='ltr'><em>possit</em></span> <span class='ocrx_word' id='word_1_316' title='bbox 802 1162 896 1180; x_wconf 78' lang='lat' dir='ltr'>omne</span> <span class='ocrx_word' id='word_1_317' title='bbox 914 1162 1016 1192; x_wconf 79' lang='lat' dir='ltr'>genus</span> <span class='ocrx_word' id='word_1_318' title='bbox 1034 1151 1152 1181; x_wconf 77' lang='lat' dir='ltr'>surculi</span> <span class='ocrx_word' id='word_1_319' title='bbox 1168 1152 1258 1181; x_wconf 78' lang='lat' dir='ltr'>omni</span> 
     </span>
     <span class='ocr_line' id='line_1_60' title="bbox 681 1197 1255 1239; baseline 0 -12"><span class='ocrx_word' id='word_1_320' title='bbox 681 1197 795 1239; x_wconf 74' lang='lat' dir='ltr'>generi</span> <span class='ocrx_word' id='word_1_321' title='bbox 820 1197 941 1226; x_wconf 80' lang='lat' dir='ltr'>arboris</span> <span class='ocrx_word' id='word_1_322' title='bbox 965 1197 1071 1226; x_wconf 77' lang='lat' dir='ltr'>inseri.</span> <span class='ocrx_word' id='word_1_323' title='bbox 1095 1198 1191 1237; x_wconf 90' lang='lat' dir='ltr'>Quod</span> <span class='ocrx_word' id='word_1_324' title='bbox 1215 1199 1255 1228; x_wconf 85' lang='lat' dir='ltr'>ad</span> 
     </span>
     <span class='ocr_line' id='line_1_61' title="bbox 684 1243 1255 1282; baseline 0 -9"><span class='ocrx_word' id='word_1_325' title='bbox 684 1255 799 1274; x_wconf 81' lang='lat' dir='ltr'>nucem</span> <span class='ocrx_word' id='word_1_326' title='bbox 812 1244 846 1273; x_wconf 87' lang='lat' dir='ltr'>in</span> <span class='ocrx_word' id='word_1_327' title='bbox 862 1243 977 1273; x_wconf 85' lang='lat' dir='ltr'>arbuto</span> <span class='ocrx_word' id='word_1_328' title='bbox 992 1244 1118 1272; x_wconf 81' lang='lat' dir='ltr'>insitam</span> <span class='ocrx_word' id='word_1_329' title='bbox 1132 1246 1255 1282; x_wconf 83' lang='lat' dir='ltr'>attinet,</span> 
     </span>
     <span class='ocr_line' id='line_1_62' title="bbox 686 1289 1255 1329; baseline -0.002 -9"><span class='ocrx_word' id='word_1_330' title='bbox 686 1297 817 1320; x_wconf 79' lang='lat' dir='ltr'>testatur</span> <span class='ocrx_word' id='word_1_331' title='bbox 830 1289 946 1319; x_wconf 80' lang='lat' dir='ltr'>Pallad.</span> <span class='ocrx_word' id='word_1_332' title='bbox 959 1291 990 1318; x_wconf 90' lang='lat' dir='ltr'>II</span> <span class='ocrx_word' id='word_1_333' title='bbox 999 1312 1007 1326; x_wconf 88' lang='lat'><strong>,</strong></span> <span class='ocrx_word' id='word_1_334' title='bbox 1028 1300 1039 1318; x_wconf 93' lang='lat'>1</span> <span class='ocrx_word' id='word_1_335' title='bbox 1049 1290 1084 1327; x_wconf 86' lang='lat'>5,</span> <span class='ocrx_word' id='word_1_336' title='bbox 1104 1300 1153 1329; x_wconf 87' lang='lat'>19.</span> <span class='ocrx_word' id='word_1_337' title='bbox 1169 1292 1255 1320; x_wconf 89' lang='lat' dir='ltr'>Post-</span> 
     </span>
     <span class='ocr_line' id='line_1_63' title="bbox 686 1335 1254 1376; baseline -0.002 -10"><span class='ocrx_word' id='word_1_338' title='bbox 686 1347 781 1376; x_wconf 84' lang='lat' dir='ltr'>quam</span> <span class='ocrx_word' id='word_1_339' title='bbox 797 1335 871 1365; x_wconf 73' lang='lat' dir='ltr'>inde</span> <span class='ocrx_word' id='word_1_340' title='bbox 880 1346 895 1364; x_wconf 83' lang='lat' dir='ltr'>a</span> <span class='ocrx_word' id='word_1_341' title='bbox 906 1346 928 1365; x_wconf 85' lang='lat' dir='ltr'>s.</span> <span class='ocrx_word' id='word_1_342' title='bbox 939 1336 959 1364; x_wconf 91' lang='grc'>6</span> <span class='ocrx_word' id='word_1_343' title='bbox 969 1336 1096 1375; x_wconf 83' lang='lat' dir='ltr'>copiose</span> <span class='ocrx_word' id='word_1_344' title='bbox 1109 1335 1148 1364; x_wconf 81' lang='lat' dir='ltr'>de</span> <span class='ocrx_word' id='word_1_345' title='bbox 1162 1347 1254 1373; x_wconf 81' lang='lat' dir='ltr'>nuce,</span> 
     </span>
     <span class='ocr_line' id='line_1_64' title="bbox 686 1381 1255 1422; baseline -0.002 -10"><span class='ocrx_word' id='word_1_346' title='bbox 686 1383 830 1422; x_wconf 79' lang='lat' dir='ltr'>inprimis</span> <span class='ocrx_word' id='word_1_347' title='bbox 847 1381 1025 1422; x_wconf 62' lang='lat' dir='ltr'>amygdala</span> <span class='ocrx_word' id='word_1_348' title='bbox 1038 1388 1143 1421; x_wconf 79' lang='lat' dir='ltr'>egerat</span> <span class='ocrx_word' id='word_1_349' title='bbox 1155 1404 1164 1419; x_wconf 86' lang='lat'>,</span> <span class='ocrx_word' id='word_1_350' title='bbox 1178 1382 1255 1412; x_wconf 85' lang='lat' dir='ltr'>sub-</span> 
     </span>
     <span class='ocr_line' id='line_1_65' title="bbox 682 1427 1254 1468; baseline 0 -11"><span class='ocrx_word' id='word_1_351' title='bbox 682 1429 751 1466; x_wconf 87' lang='lat' dir='ltr'>jicit</span> <span class='ocrx_word' id='word_1_352' title='bbox 765 1438 772 1459; x_wconf 88' lang='lat'>:</span> <span class='ocrx_word' id='word_1_353' title='bbox 787 1427 958 1464; x_wconf 78' lang='lat' dir='ltr'>Inseritur,</span> <span class='ocrx_word' id='word_1_354' title='bbox 987 1435 1021 1457; x_wconf 80' lang='lat' dir='ltr'>ut</span> <span class='ocrx_word' id='word_1_355' title='bbox 1031 1427 1180 1468; x_wconf 82' lang='lat' dir='ltr'>plerique</span> <span class='ocrx_word' id='word_1_356' title='bbox 1195 1439 1254 1457; x_wconf 79' lang='lat' dir='ltr'>vo-</span> 
     </span>
     <span class='ocr_line' id='line_1_66' title="bbox 685 1473 1250 1510; baseline 0 -7"><span class='ocrx_word' id='word_1_357' title='bbox 685 1474 764 1510; x_wconf 81' lang='lat' dir='ltr'>lunt,</span> <span class='ocrx_word' id='word_1_358' title='bbox 782 1485 889 1503; x_wconf 78' lang='lat' dir='ltr'>meme</span> <span class='ocrx_word' id='word_1_359' title='bbox 898 1474 1068 1504; x_wconf 70' lang='lat' dir='ltr'>Februario</span> <span class='ocrx_word' id='word_1_360' title='bbox 1082 1473 1115 1503; x_wconf 80' lang='lat' dir='ltr'>in</span> <span class='ocrx_word' id='word_1_361' title='bbox 1128 1475 1250 1510; x_wconf 83' lang='lat' dir='ltr'>arbuto,</span> 
     </span>
     <span class='ocr_line' id='line_1_67' title="bbox 684 1520 1252 1560; baseline 0 -11"><span class='ocrx_word' id='word_1_362' title='bbox 684 1520 742 1550; x_wconf 82' lang='lat' dir='ltr'>sed</span> <span class='ocrx_word' id='word_1_363' title='bbox 758 1520 870 1549; x_wconf 85' lang='lat' dir='ltr'>melius</span> <span class='ocrx_word' id='word_1_364' title='bbox 887 1520 919 1549; x_wconf 84' lang='lat' dir='ltr'>in</span> <span class='ocrx_word' id='word_1_365' title='bbox 939 1528 1049 1550; x_wconf 85' lang='lat' dir='ltr'>trunco</span> <span class='ocrx_word' id='word_1_366' title='bbox 1059 1532 1072 1556; x_wconf 90' lang='lat'><em>;</em></span> <span class='ocrx_word' id='word_1_367' title='bbox 1088 1528 1123 1550; x_wconf 82' lang='lat' dir='ltr'>uc</span> <span class='ocrx_word' id='word_1_368' title='bbox 1137 1520 1252 1560; x_wconf 81' lang='lat' dir='ltr'>aliqui,</span> 
     </span>
     <span class='ocr_line' id='line_1_68' title="bbox 685 1566 1251 1606; baseline 0 -11"><span class='ocrx_word' id='word_1_369' title='bbox 685 1574 715 1596; x_wconf 81' lang='lat' dir='ltr'>et</span> <span class='ocrx_word' id='word_1_370' title='bbox 728 1566 760 1595; x_wconf 84' lang='lat' dir='ltr'>in</span> <span class='ocrx_word' id='word_1_371' title='bbox 769 1577 892 1606; x_wconf 81' lang='lat' dir='ltr'>pruno,</span> <span class='ocrx_word' id='word_1_372' title='bbox 911 1566 969 1595; x_wconf 78' lang='lat' dir='ltr'>‘vel</span> <span class='ocrx_word' id='word_1_373' title='bbox 981 1566 1012 1595; x_wconf 83' lang='lat' dir='ltr'>in</span> <span class='ocrx_word' id='word_1_374' title='bbox 1029 1577 1071 1596; x_wconf 82' lang='lat' dir='ltr'>se.</span> <span class='ocrx_word' id='word_1_375' title='bbox 1083 1567 1123 1596; x_wconf 88' lang='lat' dir='ltr'>Et</span> <span class='ocrx_word' id='word_1_376' title='bbox 1137 1567 1171 1595; x_wconf 91' lang='lat' dir='ltr'>in</span> <span class='ocrx_word' id='word_1_377' title='bbox 1185 1577 1251 1595; x_wconf 85' lang='lat' dir='ltr'>car-</span> 
     </span>
     <span class='ocr_line' id='line_1_69' title="bbox 684 1612 1255 1642; baseline 0.002 -1"><span class='ocrx_word' id='word_1_378' title='bbox 684 1613 769 1642; x_wconf 86' lang='lat' dir='ltr'>mine</span> <span class='ocrx_word' id='word_1_379' title='bbox 790 1612 829 1642; x_wconf 80' lang='lat' dir='ltr'>de</span> <span class='ocrx_word' id='word_1_380' title='bbox 854 1613 944 1642; x_wconf 84' lang='lat' dir='ltr'>Insit.</span> <span class='ocrx_word' id='word_1_381' title='bbox 973 1613 1036 1642; x_wconf 82' lang='lat'>163</span> <span class='ocrx_word' id='word_1_382' title='bbox 1064 1621 1071 1642; x_wconf 73' lang='grc' dir='ltr'>ε</span> <span class='ocrx_word' id='word_1_383' title='bbox 1097 1612 1255 1642; x_wconf 81' lang='lat' dir='ltr'>Arbuteas</span> 
     </span>
     <span class='ocr_line' id='line_1_70' title="bbox 674 1658 1254 1700; baseline 0 -13"><span class='ocrx_word' id='word_1_384' title='bbox 674 1658 813 1700; x_wconf 80' lang='lat' dir='ltr'>frondes</span> <span class='ocrx_word' id='word_1_385' title='bbox 824 1666 929 1687; x_wconf 61' lang='lat' dir='ltr'>vasta?</span> <span class='ocrx_word' id='word_1_386' title='bbox 942 1658 1030 1687; x_wconf 82' lang='lat' dir='ltr'>nucis</span> <span class='ocrx_word' id='word_1_387' title='bbox 1044 1666 1178 1698; x_wconf 77' lang='lat' dir='ltr'>occupat</span> <span class='ocrx_word' id='word_1_388' title='bbox 1189 1669 1254 1687; x_wconf 84' lang='lat' dir='ltr'>um-</span> 
     </span>
     <span class='ocr_line' id='line_1_71' title="bbox 684 1704 1253 1744; baseline -0.004 -9"><span class='ocrx_word' id='word_1_389' title='bbox 684 1705 750 1735; x_wconf 82' lang='lat' dir='ltr'>bra.</span> <span class='ocrx_word' id='word_1_390' title='bbox 766 1706 805 1734; x_wconf 86' lang='lat' dir='ltr'>Et</span> <span class='ocrx_word' id='word_1_391' title='bbox 821 1704 928 1744; x_wconf 82' lang='lat' dir='ltr'>paullo</span> <span class='ocrx_word' id='word_1_392' title='bbox 942 1711 1014 1734; x_wconf 82' lang='lat' dir='ltr'>ante</span> <span class='ocrx_word' id='word_1_393' title='bbox 1029 1714 1037 1734; x_wconf 71' lang='grc' dir='ltr'><em>ζ</em></span> <span class='ocrx_word' id='word_1_394' title='bbox 1050 1704 1253 1734; x_wconf 83' lang='lat' dir='ltr'>Flumineam</span> 
     </span>
     <span class='ocr_line' id='line_1_72' title="bbox 683 1749 1252 1791; baseline -0.002 -11"><span class='ocrx_word' id='word_1_395' title='bbox 683 1751 814 1780; x_wconf 80' lang='lat' dir='ltr'>salicem</span> <span class='ocrx_word' id='word_1_396' title='bbox 825 1749 1012 1791; x_wconf 56' lang='lat' dir='ltr'>fecundant</span> <span class='ocrx_word' id='word_1_397' title='bbox 1032 1750 1135 1780; x_wconf 80' lang='lat' dir='ltr'><em>ardua</em></span> <span class='ocrx_word' id='word_1_398' title='bbox 1154 1760 1252 1779; x_wconf 84' lang='lat' dir='ltr'>mem-</span> 
     </span>
     <span class='ocr_line' id='line_1_73' title="bbox 684 1796 1255 1827; baseline -0.002 -1"><span class='ocrx_word' id='word_1_399' title='bbox 684 1797 740 1826; x_wconf 87' lang='lat' dir='ltr'>bra</span> <span class='ocrx_word' id='word_1_400' title='bbox 770 1798 949 1827; x_wconf 73' lang='lat' dir='ltr'>Castanea».</span> <span class='ocrx_word' id='word_1_401' title='bbox 978 1799 1023 1826; x_wconf 77' lang='lat' dir='ltr'>Ita</span> <span class='ocrx_word' id='word_1_402' title='bbox 1052 1796 1139 1827; x_wconf 84' lang='lat' dir='ltr'>salici</span> <span class='ocrx_word' id='word_1_403' title='bbox 1161 1797 1255 1826; x_wconf 85' lang='lat' dir='ltr'>insita</span> 
     </span>
     <span class='ocr_line' id='line_1_74' title="bbox 683 1842 1253 1883; baseline 0 -11"><span class='ocrx_word' id='word_1_404' title='bbox 683 1850 730 1873; x_wconf 85' lang='lat' dir='ltr'>est</span> <span class='ocrx_word' id='word_1_405' title='bbox 755 1850 896 1872; x_wconf 80' lang='lat' dir='ltr'>castanea</span> <span class='ocrx_word' id='word_1_406' title='bbox 918 1850 979 1872; x_wconf 89' lang='lat' dir='ltr'>:ut</span> <span class='ocrx_word' id='word_1_407' title='bbox 1001 1843 1033 1872; x_wconf 89' lang='lat' dir='ltr'>h.</span> <span class='ocrx_word' id='word_1_408' title='bbox 1060 1842 1082 1873; x_wconf 90' lang='lat' dir='ltr'>l.</span> <span class='ocrx_word' id='word_1_409' title='bbox 1111 1844 1146 1873; x_wconf 89' lang='lat' dir='ltr'>in</span> <span class='ocrx_word' id='word_1_410' title='bbox 1172 1842 1253 1883; x_wconf 85' lang='lat' dir='ltr'>fago.</span> 
     </span>
     <span class='ocr_line' id='line_1_75' title="bbox 683 1888 1254 1929; baseline -0.004 -10"><span class='ocrx_word' id='word_1_411' title='bbox 683 1889 780 1929; x_wconf 85' lang='lat' dir='ltr'>Quod</span> <span class='ocrx_word' id='word_1_412' title='bbox 804 1889 843 1919; x_wconf 79' lang='lat' dir='ltr'>ad</span> <span class='ocrx_word' id='word_1_413' title='bbox 866 1888 962 1918; x_wconf 67' lang='lat' dir='ltr'>verba</span> <span class='ocrx_word' id='word_1_414' title='bbox 984 1889 1114 1926; x_wconf 80' lang='lat' dir='ltr'>attinet,</span> <span class='ocrx_word' id='word_1_415' title='bbox 1143 1895 1254 1918; x_wconf 89' lang='lat' dir='ltr'>tenen-</span> 
     </span>
     <span class='ocr_line' id='line_1_76' title="bbox 683 1934 1252 1976; baseline 0.004 -12"><span class='ocrx_word' id='word_1_416' title='bbox 683 1935 778 1973; x_wconf 87' lang='lat' dir='ltr'><strong>dum,</strong></span> <span class='ocrx_word' id='word_1_417' title='bbox 807 1935 930 1976; x_wconf 64' lang='lat' dir='ltr'>vulgari</span> <span class='ocrx_word' id='word_1_418' title='bbox 954 1934 1082 1974; x_wconf 90' lang='lat' dir='ltr'>quidem</span> <span class='ocrx_word' id='word_1_419' title='bbox 1105 1936 1252 1966; x_wconf 81' lang='lat' dir='ltr'>ratione:</span> 
     </span>
     <span class='ocr_line' id='line_1_77' title="bbox 683 1980 1253 2018; baseline 0 -8"><span class='ocrx_word' id='word_1_420' title='bbox 683 1981 793 2011; x_wconf 82' lang='lat' dir='ltr'>arbuto</span> <span class='ocrx_word' id='word_1_421' title='bbox 821 1991 934 2010; x_wconf 78' lang='lat' dir='ltr'>nucem</span> <span class='ocrx_word' id='word_1_422' title='bbox 965 1980 1082 2018; x_wconf 79' lang='lat' dir='ltr'>inseri,</span> <span class='ocrx_word' id='word_1_423' title='bbox 1112 1981 1195 2018; x_wconf 82' lang='lat' dir='ltr'>dici,</span> <span class='ocrx_word' id='word_1_424' title='bbox 1223 1988 1253 2010; x_wconf 87' lang='lat' dir='ltr'>at</span> 
     </span>
     <span class='ocr_line' id='line_1_78' title="bbox 681 2027 1252 2058; baseline 0 -1"><span class='ocrx_word' id='word_1_425' title='bbox 681 2038 741 2057; x_wconf 90' lang='lat' dir='ltr'>nec</span> <span class='ocrx_word' id='word_1_426' title='bbox 759 2028 865 2057; x_wconf 85' lang='lat' dir='ltr'>minus</span> <span class='ocrx_word' id='word_1_427' title='bbox 880 2034 985 2056; x_wconf 85' lang='lat' dir='ltr'>tamen</span> <span class='ocrx_word' id='word_1_428' title='bbox 1003 2028 1121 2057; x_wconf 85' lang='lat' dir='ltr'>rariore</span> <span class='ocrx_word' id='word_1_429' title='bbox 1136 2027 1252 2058; x_wconf 89' lang='lat' dir='ltr'>modo:</span> 
     </span>
     <span class='ocr_line' id='line_1_79' title="bbox 682 2072 1252 2111; baseline 0.002 -9"><span class='ocrx_word' id='word_1_430' title='bbox 682 2074 826 2103; x_wconf 73' lang='lat' dir='ltr'>ezr-butum</span> <span class='ocrx_word' id='word_1_431' title='bbox 852 2072 950 2103; x_wconf 77' lang='lat' dir='ltr'>inseri</span> <span class='ocrx_word' id='word_1_432' title='bbox 978 2084 1058 2103; x_wconf 87' lang='lat' dir='ltr'>nuce</span> <span class='ocrx_word' id='word_1_433' title='bbox 1074 2096 1083 2111; x_wconf 83' lang='lat'><strong><em>‚</em></strong></span> <span class='ocrx_word' id='word_1_434' title='bbox 1106 2081 1144 2104; x_wconf 87' lang='lat' dir='ltr'>ut</span> <span class='ocrx_word' id='word_1_435' title='bbox 1169 2073 1203 2105; x_wconf 90' lang='lat' dir='ltr'>h.</span> <span class='ocrx_word' id='word_1_436' title='bbox 1229 2074 1252 2104; x_wconf 91' lang='grc'>1.</span> 
     </span>
     <span class='ocr_line' id='line_1_80' title="bbox 683 2118 1254 2161; baseline 0.004 -13"><span class='ocrx_word' id='word_1_437' title='bbox 683 2118 866 2161; x_wconf 68' lang='lat' dir='ltr'>meeisfietu,</span> <span class='ocrx_word' id='word_1_438' title='bbox 885 2119 973 2160; x_wconf 86' lang='lat' dir='ltr'>quod</span> <span class='ocrx_word' id='word_1_439' title='bbox 988 2131 1056 2150; x_wconf 89' lang='lat' dir='ltr'>non</span> <span class='ocrx_word' id='word_1_440' title='bbox 1068 2121 1162 2150; x_wconf 74' lang='lat' dir='ltr'>tertio</span> <span class='ocrx_word' id='word_1_441' title='bbox 1173 2143 1182 2158; x_wconf 83' lang='grc'>,</span> <span class='ocrx_word' id='word_1_442' title='bbox 1200 2119 1254 2150; x_wconf 88' lang='lat' dir='ltr'>sed</span> 
     </span>
     <span class='ocr_line' id='line_1_81' title="bbox 681 2166 1252 2208; baseline 0 -13"><span class='ocrx_word' id='word_1_443' title='bbox 681 2173 772 2196; x_wconf 85' lang='lat' dir='ltr'>sexto</span> <span class='ocrx_word' id='word_1_444' title='bbox 801 2176 875 2195; x_wconf 88' lang='lat' dir='ltr'>casu</span> <span class='ocrx_word' id='word_1_445' title='bbox 907 2166 1138 2208; x_wconf 85' lang='lat' dir='ltr'>accipiendum.</span> <span class='ocrx_word' id='word_1_446' title='bbox 1172 2167 1252 2196; x_wconf 74' lang='lat' dir='ltr'>Nux</span> 
     </span>
     <span class='ocr_line' id='line_1_82' title="bbox 681 2213 1255 2254; baseline 0.002 -13"><span class='ocrx_word' id='word_1_447' title='bbox 681 2219 787 2243; x_wconf 83' lang='lat' dir='ltr'>autem</span> <span class='ocrx_word' id='word_1_448' title='bbox 808 2213 950 2254; x_wconf 81' lang='lat' dir='ltr'>generale</span> <span class='ocrx_word' id='word_1_449' title='bbox 977 2213 1189 2249; x_wconf 69' lang='lat' dir='ltr'>vocabulum,</span> <span class='ocrx_word' id='word_1_450' title='bbox 1216 2219 1255 2242; x_wconf 86' lang='lat' dir='ltr'>ut</span> 
     </span>
    </p>
   </div>
   <div class='ocr_carea' id='block_1_7' title="bbox 1070 2289 1119 2312">
    <p class='ocr_par' dir='ltr' id='par_1_9' title="bbox 1070 2289 1119 2312">
     <span class='ocr_line' id='line_1_83' title="bbox 1070 2289 1119 2312; baseline 0 0"><span class='ocrx_word' id='word_1_451' title='bbox 1070 2289 1119 2312; x_wconf 83' lang='lat'>20</span> 
     </span>
    </p>
   </div>
  </div>
 </body>
</html>
