<?xml version="1.0" encoding="UTF-8"?>
<!DOCTYPE html PUBLIC "-//W3C//DTD XHTML 1.0 Transitional//EN"
    "http://www.w3.org/TR/xhtml1/DTD/xhtml1-transitional.dtd">
<html xmlns="http://www.w3.org/1999/xhtml" xml:lang="en" lang="en">
 <head>
  <title>
</title>
<meta http-equiv="Content-Type" content="text/html;charset=utf-8" />
  <meta name='ocr-system' content='tesseract 3.04.00' />
  <meta name='ocr-capabilities' content='ocr_page ocr_carea ocr_par ocr_line ocrx_word'/>
</head>
<body>
  <div class='ocr_page' id='page_1' title='image "./operahey01virguoft_0389.png"; bbox 0 0 1377 2428; ppageno 0'>
   <div class='ocr_carea' id='block_1_1' title="bbox 530 58 731 88">
    <p class='ocr_par' dir='ltr' id='par_1_1' title="bbox 530 58 731 88">
     <span class='ocr_line' id='line_1_1' title="bbox 530 58 731 88; baseline -0.01 0"><span class='ocrx_word' id='word_1_1' title='bbox 530 60 650 88; x_wconf 72' lang='lat' dir='ltr'><strong>LIBER</strong></span> <span class='ocrx_word' id='word_1_2' title='bbox 674 58 731 87; x_wconf 78' lang='lat'>111.</span> 
     </span>
    </p>
   </div>
   <div class='ocr_carea' id='block_1_2' title="bbox 1166 48 1228 77">
    <p class='ocr_par' dir='ltr' id='par_1_2' title="bbox 1166 48 1228 77">
     <span class='ocr_line' id='line_1_2' title="bbox 1166 48 1228 77; baseline 0.016 -7"><span class='ocrx_word' id='word_1_3' title='bbox 1166 48 1228 77; x_wconf 69' lang='grc'>35.)</span> 
     </span>
    </p>
   </div>
   <div class='ocr_carea' id='block_1_3' title="bbox 38 109 1114 230">
    <p class='ocr_par' dir='ltr' id='par_1_3' title="bbox 38 109 1114 230">
     <span class='ocr_line' id='line_1_3' title="bbox 38 109 991 164; baseline -0.016 -4"><span class='ocrx_word' id='word_1_4' title='bbox 38 126 83 160; x_wconf 89' lang='lat' dir='ltr'>Et</span> <span class='ocrx_word' id='word_1_5' title='bbox 97 123 154 159; x_wconf 85' lang='lat' dir='ltr'>lac</span> <span class='ocrx_word' id='word_1_6' title='bbox 173 127 391 157; x_wconf 85' lang='lat' dir='ltr'>concretum</span> <span class='ocrx_word' id='word_1_7' title='bbox 411 129 496 153; x_wconf 88' lang='lat' dir='ltr'>cum</span> <span class='ocrx_word' id='word_1_8' title='bbox 512 115 692 164; x_wconf 79' lang='lat' dir='ltr'>sanguine</span> <span class='ocrx_word' id='word_1_9' title='bbox 714 120 819 163; x_wconf 81' lang='lat' dir='ltr'>potat</span> <span class='ocrx_word' id='word_1_10' title='bbox 840 109 991 160; x_wconf 83' lang='lat' dir='ltr'>equino.</span> 
     </span>
     <span class='ocr_line' id='line_1_4' title="bbox 90 166 1114 230; baseline -0.017 -12"><span class='ocrx_word' id='word_1_11' title='bbox 90 185 214 228; x_wconf 86' lang='lat' dir='ltr'>Quam</span> <span class='ocrx_word' id='word_1_12' title='bbox 232 178 365 230; x_wconf 85' lang='lat' dir='ltr'>procul</span> <span class='ocrx_word' id='word_1_13' title='bbox 385 185 448 214; x_wconf 81' lang='lat' dir='ltr'>aut</span> <span class='ocrx_word' id='word_1_14' title='bbox 467 175 570 212; x_wconf 88' lang='lat' dir='ltr'>molli</span> <span class='ocrx_word' id='word_1_15' title='bbox 592 173 794 211; x_wconf 81' lang='lat' dir='ltr'>succedere</span> <span class='ocrx_word' id='word_1_16' title='bbox 814 170 949 219; x_wconf 81' lang='lat' dir='ltr'>saepius</span> <span class='ocrx_word' id='word_1_17' title='bbox 970 166 1114 205; x_wconf 84' lang='lat' dir='ltr'>umbrae</span> 
     </span>
    </p>
   </div>
   <div class='ocr_carea' id='block_1_4' title="bbox 37 227 1061 285">
    <p class='ocr_par' dir='ltr' id='par_1_4' title="bbox 37 227 1061 285">
     <span class='ocr_line' id='line_1_5' title="bbox 37 227 1061 285; baseline -0.016 -7"><span class='ocrx_word' id='word_1_18' title='bbox 37 241 204 285; x_wconf 83' lang='lat' dir='ltr'>Videris,</span> <span class='ocrx_word' id='word_1_19' title='bbox 218 248 290 275; x_wconf 84' lang='lat' dir='ltr'>-aut</span> <span class='ocrx_word' id='word_1_20' title='bbox 306 248 466 275; x_wconf 80' lang='lat' dir='ltr'>summas</span> <span class='ocrx_word' id='word_1_21' title='bbox 483 242 699 284; x_wconf 75' lang='lat' dir='ltr'>carpentem</span> <span class='ocrx_word' id='word_1_22' title='bbox 719 230 890 282; x_wconf 77' lang='lat' dir='ltr'>ignavius</span> <span class='ocrx_word' id='word_1_23' title='bbox 904 227 1061 272; x_wconf 79' lang='lat' dir='ltr'>herbas,</span> 
     </span>
    </p>
   </div>
   <div class='ocr_carea' id='block_1_5' title="bbox 1179 231 1227 259">
    <p class='ocr_par' dir='ltr' id='par_1_5' title="bbox 1179 231 1227 259">
     <span class='ocr_line' id='line_1_6' title="bbox 1179 231 1227 259; baseline 0 -6"><span class='ocrx_word' id='word_1_24' title='bbox 1179 231 1227 259; x_wconf 62' lang='lat'>4⁷65</span> 
     </span>
    </p>
   </div>
   <div class='ocr_carea' id='block_1_6' title="bbox 38 288 1229 644">
    <p class='ocr_par' dir='ltr' id='par_1_6' title="bbox 38 288 1118 404">
     <span class='ocr_line' id='line_1_7' title="bbox 39 288 1118 348; baseline -0.017 -9"><span class='ocrx_word' id='word_1_25' title='bbox 39 305 328 348; x_wconf 74' lang='lat' dir='ltr'>Extremamqne</span> <span class='ocrx_word' id='word_1_26' title='bbox 346 295 470 346; x_wconf 86' lang='lat' dir='ltr'>sequi,</span> <span class='ocrx_word' id='word_1_27' title='bbox 490 303 554 332; x_wconf 85' lang='lat' dir='ltr'>aut</span> <span class='ocrx_word' id='word_1_28' title='bbox 571 293 696 330; x_wconf 88' lang='lat' dir='ltr'>medio</span> <span class='ocrx_word' id='word_1_29' title='bbox 717 288 967 342; x_wconf 78' lang='lat' dir='ltr'>procumbere</span> <span class='ocrx_word' id='word_1_30' title='bbox 986 298 1118 336; x_wconf 81' lang='lat' dir='ltr'>campo</span> 
     </span>
     <span class='ocr_line' id='line_1_8' title="bbox 38 349 912 404; baseline -0.017 -5"><span class='ocrx_word' id='word_1_31' title='bbox 38 365 272 404; x_wconf 83' lang='lat' dir='ltr'>Pascentem,</span> <span class='ocrx_word' id='word_1_32' title='bbox 289 366 325 395; x_wconf 91' lang='lat' dir='ltr'>et</span> <span class='ocrx_word' id='word_1_33' title='bbox 344 369 435 394; x_wconf 86' lang='lat' dir='ltr'>serae</span> <span class='ocrx_word' id='word_1_34' title='bbox 455 355 572 392; x_wconf 83' lang='lat' dir='ltr'>solam</span> <span class='ocrx_word' id='word_1_35' title='bbox 590 352 772 390; x_wconf 82' lang='lat' dir='ltr'>decedere</span> <span class='ocrx_word' id='word_1_36' title='bbox 788 349 912 394; x_wconf 79' lang='lat' dir='ltr'>nocti3</span> 
     </span>
    </p>

    <p class='ocr_par' dir='ltr' id='par_1_7' title="bbox 41 408 1009 466">
     <span class='ocr_line' id='line_1_9' title="bbox 41 408 1009 466; baseline -0.017 -9"><span class='ocrx_word' id='word_1_37' title='bbox 41 420 227 458; x_wconf 89' lang='lat' dir='ltr'>Continuo</span> <span class='ocrx_word' id='word_1_38' title='bbox 249 417 397 466; x_wconf 87' lang='lat' dir='ltr'>culpam</span> <span class='ocrx_word' id='word_1_39' title='bbox 415 415 516 451; x_wconf 89' lang='lat' dir='ltr'>ferro</span> <span class='ocrx_word' id='word_1_40' title='bbox 534 425 749 462; x_wconf 77' lang='lat' dir='ltr'>compesce,</span> <span class='ocrx_word' id='word_1_41' title='bbox 770 408 875 460; x_wconf 87' lang='lat' dir='ltr'>prius</span> <span class='ocrx_word' id='word_1_42' title='bbox 896 419 1009 456; x_wconf 81' lang='lat' dir='ltr'>quam</span> 
     </span>
    </p>

    <p class='ocr_par' dir='ltr' id='par_1_8' title="bbox 42 468 955 529">
     <span class='ocr_line' id='line_1_10' title="bbox 42 468 955 529; baseline -0.016 -12"><span class='ocrx_word' id='word_1_43' title='bbox 42 481 134 517; x_wconf 81' lang='lat' dir='ltr'>Dira</span> <span class='ocrx_word' id='word_1_44' title='bbox 154 493 221 529; x_wconf 88' lang='lat' dir='ltr'>per</span> <span class='ocrx_word' id='word_1_45' title='bbox 240 478 433 514; x_wconf 85' lang='lat' dir='ltr'>incautum</span> <span class='ocrx_word' id='word_1_46' title='bbox 453 483 605 524; x_wconf 82' lang='lat' dir='ltr'>serpant</span> <span class='ocrx_word' id='word_1_47' title='bbox 622 471 796 520; x_wconf 74' lang='lat' dir='ltr'>contagia</span> <span class='ocrx_word' id='word_1_48' title='bbox 811 468 955 516; x_wconf 75' lang='lat' dir='ltr'>volgus.</span> 
     </span>
    </p>

    <p class='ocr_par' dir='ltr' id='par_1_9' title="bbox 41 524 1229 644">
     <span class='ocr_line' id='line_1_11' title="bbox 41 524 1229 584; baseline -0.017 -8"><span class='ocrx_word' id='word_1_49' title='bbox 41 543 127 577; x_wconf 86' lang='lat' dir='ltr'>Non</span> <span class='ocrx_word' id='word_1_50' title='bbox 148 549 222 575; x_wconf 83' lang='lat' dir='ltr'>tam</span> <span class='ocrx_word' id='word_1_51' title='bbox 241 536 373 574; x_wconf 86' lang='lat' dir='ltr'>creber</span> <span class='ocrx_word' id='word_1_52' title='bbox 391 548 501 584; x_wconf 80' lang='lat' dir='ltr'>agens</span> <span class='ocrx_word' id='word_1_53' title='bbox 521 533 682 570; x_wconf 86' lang='lat' dir='ltr'>hiemem</span> <span class='ocrx_word' id='word_1_54' title='bbox 703 531 778 567; x_wconf 90' lang='lat' dir='ltr'>ruit</span> <span class='ocrx_word' id='word_1_55' title='bbox 800 539 950 577; x_wconf 82' lang='lat' dir='ltr'>aequore</span> <span class='ocrx_word' id='word_1_56' title='bbox 968 524 1100 569; x_wconf 84' lang='lat' dir='ltr'>turbo,</span> <span class='ocrx_word' id='word_1_57' title='bbox 1181 534 1229 563; x_wconf 60' lang='lat'>470</span> 
     </span>
     <span class='ocr_line' id='line_1_12' title="bbox 44 583 1074 644; baseline -0.016 -9"><span class='ocrx_word' id='word_1_58' title='bbox 44 601 167 644; x_wconf 85' lang='lat' dir='ltr'>Quam</span> <span class='ocrx_word' id='word_1_59' title='bbox 186 597 312 633; x_wconf 85' lang='lat' dir='ltr'>multae</span> <span class='ocrx_word' id='word_1_60' title='bbox 333 593 518 644; x_wconf 85' lang='lat' dir='ltr'>pecudum</span> <span class='ocrx_word' id='word_1_61' title='bbox 537 600 670 642; x_wconf 89' lang='lat' dir='ltr'>pestes.</span> <span class='ocrx_word' id='word_1_62' title='bbox 687 592 766 627; x_wconf 88' lang='lat' dir='ltr'>Nec</span> <span class='ocrx_word' id='word_1_63' title='bbox 785 586 930 637; x_wconf 83' lang='lat' dir='ltr'>singula</span> <span class='ocrx_word' id='word_1_64' title='bbox 951 583 1074 621; x_wconf 82' lang='lat' dir='ltr'>morbi</span> 
     </span>
    </p>
   </div>
   <div class='ocr_carea' id='block_1_7' title="bbox 29 754 634 2175">
    <p class='ocr_par' dir='ltr' id='par_1_10' title="bbox 29 754 634 2175">
     <span class='ocr_line' id='line_1_13' title="bbox 44 754 606 796; baseline -0.009 -10"><span class='ocrx_word' id='word_1_65' title='bbox 44 758 122 787; x_wconf 84' lang='lat' dir='ltr'>cinis</span> <span class='ocrx_word' id='word_1_66' title='bbox 134 755 260 796; x_wconf 84' lang='lat' dir='ltr'>populis</span> <span class='ocrx_word' id='word_1_67' title='bbox 271 779 279 793; x_wconf 84' lang='lat'>‚</span> <span class='ocrx_word' id='word_1_68' title='bbox 294 766 348 785; x_wconf 86' lang='lat' dir='ltr'>seu</span> <span class='ocrx_word' id='word_1_69' title='bbox 361 754 463 794; x_wconf 84' lang='lat' dir='ltr'>simpl.</span> <span class='ocrx_word' id='word_1_70' title='bbox 478 754 588 793; x_wconf 82' lang='lat' dir='ltr'>migrat</span> <span class='ocrx_word' id='word_1_71' title='bbox 598 775 606 789; x_wconf 88' lang='lat'><strong>,</strong></span> 
     </span>
     <span class='ocr_line' id='line_1_14' title="bbox 44 801 610 843; baseline -0.011 -10"><span class='ocrx_word' id='word_1_72' title='bbox 44 811 74 833; x_wconf 85' lang='lat' dir='ltr'>et</span> <span class='ocrx_word' id='word_1_73' title='bbox 83 814 100 832; x_wconf 91' lang='lat' dir='ltr'>a</span> <span class='ocrx_word' id='word_1_74' title='bbox 110 802 303 843; x_wconf 76' lang='lat' dir='ltr'>Borysthene</span> <span class='ocrx_word' id='word_1_75' title='bbox 313 801 385 830; x_wconf 87' lang='lat' dir='ltr'>inde</span> <span class='ocrx_word' id='word_1_76' title='bbox 392 811 448 841; x_wconf 88' lang='lat' dir='ltr'>per</span> <span class='ocrx_word' id='word_1_77' title='bbox 459 801 610 829; x_wconf 85' lang='lat' dir='ltr'>Getarum</span> 
     </span>
     <span class='ocr_line' id='line_1_15' title="bbox 45 846 609 885; baseline -0.011 -6"><span class='ocrx_word' id='word_1_78' title='bbox 45 850 184 885; x_wconf 79' lang='lat' dir='ltr'>deserta,</span> <span class='ocrx_word' id='word_1_79' title='bbox 211 849 255 877; x_wconf 83' lang='lat' dir='ltr'>cis</span> <span class='ocrx_word' id='word_1_80' title='bbox 277 855 307 877; x_wconf 89' lang='lat' dir='ltr'>et</span> <span class='ocrx_word' id='word_1_81' title='bbox 329 848 409 877; x_wconf 82' lang='lat' dir='ltr'>ultra</span> <span class='ocrx_word' id='word_1_82' title='bbox 429 847 500 875; x_wconf 85' lang='lat' dir='ltr'>Istri</span> <span class='ocrx_word' id='word_1_83' title='bbox 516 846 609 882; x_wconf 83' lang='lat' dir='ltr'>ostia,</span> 
     </span>
     <span class='ocr_line' id='line_1_16' title="bbox 45 890 612 925; baseline -0.011 0"><span class='ocrx_word' id='word_1_84' title='bbox 45 895 207 925; x_wconf 82' lang='lat' dir='ltr'>descendit</span> <span class='ocrx_word' id='word_1_85' title='bbox 219 896 253 924; x_wconf 89' lang='lat' dir='ltr'>in</span> <span class='ocrx_word' id='word_1_86' title='bbox 262 895 426 924; x_wconf 78' lang='lat' dir='ltr'>Thraciam</span> <span class='ocrx_word' id='word_1_87' title='bbox 436 899 466 921; x_wconf 90' lang='lat' dir='ltr'>et</span> <span class='ocrx_word' id='word_1_88' title='bbox 477 891 516 921; x_wconf 88' lang='lat' dir='ltr'>ad</span> <span class='ocrx_word' id='word_1_89' title='bbox 525 890 612 921; x_wconf 77' lang='lat' dir='ltr'>Rho-</span> 
     </span>
     <span class='ocr_line' id='line_1_17' title="bbox 47 940 613 982; baseline -0.011 -10"><span class='ocrx_word' id='word_1_90' title='bbox 47 942 160 982; x_wconf 84' lang='lat' dir='ltr'>dopen.</span> <span class='ocrx_word' id='word_1_91' title='bbox 184 942 216 971; x_wconf 90' lang='lat' dir='ltr'>Si</span> <span class='ocrx_word' id='word_1_92' title='bbox 237 942 270 970; x_wconf 89' lang='lat' dir='ltr'>in</span> <span class='ocrx_word' id='word_1_93' title='bbox 302 940 453 969; x_wconf 87' lang='lat' dir='ltr'>historico</span> <span class='ocrx_word' id='word_1_94' title='bbox 477 948 613 968; x_wconf 83' lang='lat' dir='ltr'>versare-</span> 
     </span>
     <span class='ocr_line' id='line_1_18' title="bbox 49 984 602 1024; baseline -0.011 -6"><span class='ocrx_word' id='word_1_95' title='bbox 49 999 143 1024; x_wconf 84' lang='lat' dir='ltr'>mur,</span> <span class='ocrx_word' id='word_1_96' title='bbox 164 988 274 1016; x_wconf 81' lang='lat' dir='ltr'>liceret</span> <span class='ocrx_word' id='word_1_97' title='bbox 284 987 359 1016; x_wconf 87' lang='lat' dir='ltr'>hinc</span> <span class='ocrx_word' id='word_1_98' title='bbox 381 985 500 1014; x_wconf 80' lang='lat' dir='ltr'>discere</span> <span class='ocrx_word' id='word_1_99' title='bbox 523 984 602 1013; x_wconf 83' lang='lat' dir='ltr'>Gelo</span> 
     </span>
     <span class='ocr_line' id='line_1_19' title="bbox 51 1032 618 1074; baseline -0.012 -10"><span class='ocrx_word' id='word_1_100' title='bbox 51 1044 166 1064; x_wconf 77' lang='lat' dir='ltr'>norum</span> <span class='ocrx_word' id='word_1_101' title='bbox 187 1044 280 1074; x_wconf 84' lang='lat' dir='ltr'>vagos</span> <span class='ocrx_word' id='word_1_102' title='bbox 299 1033 380 1062; x_wconf 86' lang='lat' dir='ltr'>ultra</span> <span class='ocrx_word' id='word_1_103' title='bbox 393 1039 423 1061; x_wconf 87' lang='lat' dir='ltr'>et</span> <span class='ocrx_word' id='word_1_104' title='bbox 439 1032 482 1060; x_wconf 91' lang='lat' dir='ltr'>cis</span> <span class='ocrx_word' id='word_1_105' title='bbox 502 1032 618 1059; x_wconf 84' lang='lat' dir='ltr'>Istrum</span> 
     </span>
     <span class='ocr_line' id='line_1_20' title="bbox 54 1077 620 1119; baseline -0.011 -9"><span class='ocrx_word' id='word_1_106' title='bbox 54 1090 183 1110; x_wconf 81' lang='lat' dir='ltr'>erroreS.</span> <span class='ocrx_word' id='word_1_107' title='bbox 198 1081 246 1109; x_wconf 89' lang='lat' dir='ltr'>De</span> <span class='ocrx_word' id='word_1_108' title='bbox 258 1079 346 1108; x_wconf 87' lang='lat' dir='ltr'>lactis</span> <span class='ocrx_word' id='word_1_109' title='bbox 367 1078 475 1119; x_wconf 87' lang='lat' dir='ltr'>equini</span> <span class='ocrx_word' id='word_1_110' title='bbox 496 1086 557 1105; x_wconf 89' lang='lat' dir='ltr'>usu</span> <span class='ocrx_word' id='word_1_111' title='bbox 574 1077 620 1104; x_wconf 84' lang='lat' dir='ltr'>vi-</span> 
     </span>
     <span class='ocr_line' id='line_1_21' title="bbox 57 1122 620 1166; baseline -0.011 -10"><span class='ocrx_word' id='word_1_112' title='bbox 57 1127 129 1156; x_wconf 82' lang='lat' dir='ltr'>dere</span> <span class='ocrx_word' id='word_1_113' title='bbox 150 1132 238 1166; x_wconf 85' lang='lat' dir='ltr'>potes</span> <span class='ocrx_word' id='word_1_114' title='bbox 264 1125 335 1154; x_wconf 88' lang='lat' dir='ltr'>loca</span> <span class='ocrx_word' id='word_1_115' title='bbox 363 1135 411 1164; x_wconf 87' lang='lat' dir='ltr'>ap.</span> <span class='ocrx_word' id='word_1_116' title='bbox 437 1122 579 1154; x_wconf 79' lang='lat' dir='ltr'>Cerdam.</span> <span class='ocrx_word' id='word_1_117' title='bbox 590 1128 620 1151; x_wconf 91' lang='lat' dir='ltr'>et</span> 
     </span>
     <span class='ocr_line' id='line_1_22' title="bbox 57 1170 619 1213; baseline -0.012 -11"><span class='ocrx_word' id='word_1_118' title='bbox 57 1173 170 1213; x_wconf 80' lang='lat' dir='ltr'>passim</span> <span class='ocrx_word' id='word_1_119' title='bbox 186 1172 271 1201; x_wconf 83' lang='lat' dir='ltr'>alios.</span> <span class='ocrx_word' id='word_1_120' title='bbox 291 1188 335 1194; x_wconf 73' lang='lat'>—-</span> <span class='ocrx_word' id='word_1_121' title='bbox 359 1170 435 1205; x_wconf 76' lang='lat'>463.</span> <span class='ocrx_word' id='word_1_122' title='bbox 463 1171 527 1198; x_wconf 88' lang='lat' dir='ltr'>Lac</span> <span class='ocrx_word' id='word_1_123' title='bbox 550 1178 619 1196; x_wconf 81' lang='lat' dir='ltr'>con-</span> 
     </span>
     <span class='ocr_line' id='line_1_23' title="bbox 29 1215 617 1258; baseline -0.009 -11"><span class='ocrx_word' id='word_1_124' title='bbox 29 1220 33 1224; x_wconf 85' lang='grc'><strong>”</strong></span> <span class='ocrx_word' id='word_1_125' title='bbox 56 1225 180 1258; x_wconf 79' lang='lat' dir='ltr'>ceptum</span> <span class='ocrx_word' id='word_1_126' title='bbox 200 1217 310 1247; x_wconf 84' lang='lat' dir='ltr'>Helen.</span> <span class='ocrx_word' id='word_1_127' title='bbox 334 1218 419 1246; x_wconf 89' lang='lat' dir='ltr'>Acro</span> <span class='ocrx_word' id='word_1_128' title='bbox 444 1215 483 1244; x_wconf 86' lang='lat' dir='ltr'>ad</span> <span class='ocrx_word' id='word_1_129' title='bbox 508 1216 617 1243; x_wconf 87' lang='lat' dir='ltr'>Horat.</span> 
     </span>
     <span class='ocr_line' id='line_1_24' title="bbox 55 1260 620 1302; baseline -0.014 -7"><span class='ocrx_word' id='word_1_130' title='bbox 55 1265 156 1296; x_wconf 80' lang='lat' dir='ltr'>Carm.</span> <span class='ocrx_word' id='word_1_131' title='bbox 171 1265 236 1300; x_wconf 82' lang='lat'>111,</span> <span class='ocrx_word' id='word_1_132' title='bbox 253 1269 283 1298; x_wconf 79' lang='grc'>4.</span> <span class='ocrx_word' id='word_1_133' title='bbox 308 1262 368 1293; x_wconf 88' lang='lat' dir='ltr'>Sed</span> <span class='ocrx_word' id='word_1_134' title='bbox 382 1261 506 1302; x_wconf 78' lang='lat' dir='ltr'>vulgata</span> <span class='ocrx_word' id='word_1_135' title='bbox 522 1265 568 1289; x_wconf 82' lang='lat' dir='ltr'>est</span> <span class='ocrx_word' id='word_1_136' title='bbox 584 1260 620 1288; x_wconf 85' lang='lat' dir='ltr'>in</span> 
     </span>
     <span class='ocr_line' id='line_1_25' title="bbox 55 1306 591 1348; baseline -0.011 -8"><span class='ocrx_word' id='word_1_137' title='bbox 55 1312 230 1341; x_wconf 86' lang='lat' dir='ltr'>Comment.</span> <span class='ocrx_word' id='word_1_138' title='bbox 251 1310 370 1348; x_wconf 86' lang='lat' dir='ltr'>Crnqu.</span> <span class='ocrx_word' id='word_1_139' title='bbox 391 1314 422 1337; x_wconf 90' lang='lat' dir='ltr'>et</span> <span class='ocrx_word' id='word_1_140' title='bbox 434 1306 591 1346; x_wconf 85' lang='lat' dir='ltr'>Porphyr.</span> 
     </span>
     <span class='ocr_line' id='line_1_26' title="bbox 101 1351 615 1395; baseline -0.014 -9"><span class='ocrx_word' id='word_1_141' title='bbox 101 1357 167 1392; x_wconf 72' lang='grc'>464</span> <span class='ocrx_word' id='word_1_142' title='bbox 176 1373 222 1378; x_wconf 38' lang='grc' dir='ltr'><em>ω</em></span> <span class='ocrx_word' id='word_1_143' title='bbox 231 1355 306 1395; x_wconf 74' lang='grc'><strong>469.</strong></span> <span class='ocrx_word' id='word_1_144' title='bbox 322 1357 369 1384; x_wconf 88' lang='lat' dir='ltr'>De</span> <span class='ocrx_word' id='word_1_145' title='bbox 382 1354 434 1383; x_wconf 89' lang='lat' dir='ltr'>lue</span> <span class='ocrx_word' id='word_1_146' title='bbox 446 1351 615 1393; x_wconf 87' lang='lat' dir='ltr'>pecudum.</span> 
     </span>
     <span class='ocr_line' id='line_1_27' title="bbox 53 1399 618 1443; baseline -0.012 -10"><span class='ocrx_word' id='word_1_147' title='bbox 53 1405 145 1443; x_wconf 83' lang='lat' dir='ltr'>Signa</span> <span class='ocrx_word' id='word_1_148' title='bbox 154 1403 276 1443; x_wconf 88' lang='lat' dir='ltr'>pecoris</span> <span class='ocrx_word' id='word_1_149' title='bbox 289 1400 370 1431; x_wconf 85' lang='lat' dir='ltr'>febri</span> <span class='ocrx_word' id='word_1_150' title='bbox 382 1399 540 1440; x_wconf 84' lang='lat' dir='ltr'>pestilenti</span> <span class='ocrx_word' id='word_1_151' title='bbox 552 1404 618 1426; x_wconf 86' lang='lat' dir='ltr'>ten-</span> 
     </span>
     <span class='ocr_line' id='line_1_28' title="bbox 55 1443 620 1487; baseline -0.012 -8"><span class='ocrx_word' id='word_1_152' title='bbox 55 1451 110 1479; x_wconf 79' lang='lat' dir='ltr'>tati</span> <span class='ocrx_word' id='word_1_153' title='bbox 122 1455 284 1479; x_wconf 88' lang='lat' dir='ltr'>enumerat</span> <span class='ocrx_word' id='word_1_154' title='bbox 298 1457 305 1477; x_wconf 90' lang='lat'>:</span> <span class='ocrx_word' id='word_1_155' title='bbox 322 1448 426 1487; x_wconf 83' lang='lat' dir='ltr'>Quam</span> <span class='ocrx_word' id='word_1_156' title='bbox 436 1443 620 1474; x_wconf 74' lang='lat' dir='ltr'>videris.—</span> 
     </span>
     <span class='ocr_line' id='line_1_29' title="bbox 57 1491 621 1532; baseline -0.014 -6"><span class='ocrx_word' id='word_1_157' title='bbox 57 1497 132 1532; x_wconf 68' lang='grc'>464.</span> <span class='ocrx_word' id='word_1_158' title='bbox 158 1494 252 1524; x_wconf 82' lang='lat' dir='ltr'>Molli</span> <span class='ocrx_word' id='word_1_159' title='bbox 277 1493 404 1522; x_wconf 66' lang='lat' dir='ltr'>umbrae.</span> <span class='ocrx_word' id='word_1_160' title='bbox 426 1491 548 1521; x_wconf 86' lang='lat' dir='ltr'>Umbra</span> <span class='ocrx_word' id='word_1_161' title='bbox 575 1496 621 1518; x_wconf 87' lang='lat' dir='ltr'>est</span> 
     </span>
     <span class='ocr_line' id='line_1_30' title="bbox 54 1535 619 1582; baseline -0.012 -11"><span class='ocrx_word' id='word_1_162' title='bbox 54 1549 158 1582; x_wconf 80' lang='lat' dir='ltr'>grata,</span> <span class='ocrx_word' id='word_1_163' title='bbox 199 1540 340 1579; x_wconf 83' lang='lat' dir='ltr'>jucunda</span> <span class='ocrx_word' id='word_1_164' title='bbox 360 1550 368 1576; x_wconf 83' lang='lat'>3</span> <span class='ocrx_word' id='word_1_165' title='bbox 401 1545 431 1566; x_wconf 82' lang='lat' dir='ltr'>at</span> <span class='ocrx_word' id='word_1_166' title='bbox 458 1535 619 1577; x_wconf 85' lang='lat' dir='ltr'>quomodo</span> 
     </span>
     <span class='ocr_line' id='line_1_31' title="bbox 56 1584 621 1625; baseline -0.014 -7"><span class='ocrx_word' id='word_1_167' title='bbox 56 1587 160 1618; x_wconf 75' lang='lat' dir='ltr'>mollis</span> <span class='ocrx_word' id='word_1_168' title='bbox 169 1590 184 1616; x_wconf 64' lang='grc' dir='ltr'><em>Ρ</em></span> <span class='ocrx_word' id='word_1_169' title='bbox 195 1597 236 1616; x_wconf 90' lang='lat' dir='ltr'>an</span> <span class='ocrx_word' id='word_1_170' title='bbox 243 1587 278 1615; x_wconf 87' lang='lat' dir='ltr'>in</span> <span class='ocrx_word' id='word_1_171' title='bbox 287 1597 346 1625; x_wconf 86' lang='lat' dir='ltr'>qua</span> <span class='ocrx_word' id='word_1_172' title='bbox 357 1584 493 1613; x_wconf 84' lang='lat' dir='ltr'>molliter</span> <span class='ocrx_word' id='word_1_173' title='bbox 502 1592 621 1612; x_wconf 86' lang='lat' dir='ltr'>recum-</span> 
     </span>
     <span class='ocr_line' id='line_1_32' title="bbox 56 1629 621 1673; baseline -0.011 -10"><span class='ocrx_word' id='word_1_174' title='bbox 56 1634 132 1663; x_wconf 77' lang='lat' dir='ltr'>bas?</span> <span class='ocrx_word' id='word_1_175' title='bbox 145 1633 239 1673; x_wconf 84' lang='lat' dir='ltr'>longe</span> <span class='ocrx_word' id='word_1_176' title='bbox 252 1633 385 1672; x_wconf 86' lang='lat' dir='ltr'>petitum</span> <span class='ocrx_word' id='word_1_177' title='bbox 398 1636 485 1659; x_wconf 81' lang='lat' dir='ltr'>esset.</span> <span class='ocrx_word' id='word_1_178' title='bbox 499 1629 621 1658; x_wconf 85' lang='lat' dir='ltr'>Verum</span> 
     </span>
     <span class='ocr_line' id='line_1_33' title="bbox 57 1678 623 1717; baseline -0.011 -8"><span class='ocrx_word' id='word_1_179' title='bbox 57 1689 206 1709; x_wconf 83' lang='lat' dir='ltr'>sensuum</span> <span class='ocrx_word' id='word_1_180' title='bbox 219 1678 371 1708; x_wconf 78' lang='lat' dir='ltr'>vocabula</span> <span class='ocrx_word' id='word_1_181' title='bbox 386 1682 543 1717; x_wconf 85' lang='lat' dir='ltr'>permutat</span> <span class='ocrx_word' id='word_1_182' title='bbox 557 1684 623 1704; x_wconf 87' lang='lat' dir='ltr'>ora-</span> 
     </span>
     <span class='ocr_line' id='line_1_34' title="bbox 59 1719 620 1766; baseline -0.012 -11"><span class='ocrx_word' id='word_1_183' title='bbox 59 1728 103 1756; x_wconf 87' lang='lat' dir='ltr'>tio</span> <span class='ocrx_word' id='word_1_184' title='bbox 115 1726 238 1766; x_wconf 86' lang='lat' dir='ltr'>poetica</span> <span class='ocrx_word' id='word_1_185' title='bbox 252 1734 260 1755; x_wconf 72' lang='grc' dir='ltr'>ε</span> <span class='ocrx_word' id='word_1_186' title='bbox 274 1725 317 1753; x_wconf 86' lang='lat' dir='ltr'>ita</span> <span class='ocrx_word' id='word_1_187' title='bbox 333 1729 417 1763; x_wconf 85' lang='lat' dir='ltr'>grata</span> <span class='ocrx_word' id='word_1_188' title='bbox 432 1729 463 1751; x_wconf 85' lang='lat' dir='ltr'>et</span> <span class='ocrx_word' id='word_1_189' title='bbox 477 1719 620 1759; x_wconf 85' lang='lat' dir='ltr'>jucunda</span> 
     </span>
     <span class='ocr_line' id='line_1_35' title="bbox 59 1766 622 1807; baseline -0.012 -6"><span class='ocrx_word' id='word_1_190' title='bbox 59 1778 135 1801; x_wconf 84' lang='lat' dir='ltr'>sunt</span> <span class='ocrx_word' id='word_1_191' title='bbox 146 1770 259 1801; x_wconf 83' lang='lat' dir='ltr'>blanda</span> <span class='ocrx_word' id='word_1_192' title='bbox 270 1792 278 1807; x_wconf 81' lang='lat'><em>‚</em></span> <span class='ocrx_word' id='word_1_193' title='bbox 296 1769 400 1799; x_wconf 87' lang='lat' dir='ltr'>dulcia</span> <span class='ocrx_word' id='word_1_194' title='bbox 410 1791 418 1805; x_wconf 92' lang='lat'>‚</span> <span class='ocrx_word' id='word_1_195' title='bbox 432 1768 514 1797; x_wconf 83' lang='lat' dir='ltr'>lenia</span> <span class='ocrx_word' id='word_1_196' title='bbox 523 1790 530 1804; x_wconf 89' lang='lat'>‚</span> <span class='ocrx_word' id='word_1_197' title='bbox 545 1766 622 1795; x_wconf 85' lang='lat' dir='ltr'>mol-</span> 
     </span>
     <span class='ocr_line' id='line_1_36' title="bbox 59 1815 624 1854; baseline -0.009 -8"><span class='ocrx_word' id='word_1_198' title='bbox 59 1817 111 1846; x_wconf 84' lang='lat' dir='ltr'>lia.</span> <span class='ocrx_word' id='word_1_199' title='bbox 135 1817 259 1846; x_wconf 82' lang='lat' dir='ltr'>Umbrae</span> <span class='ocrx_word' id='word_1_200' title='bbox 273 1823 389 1846; x_wconf 79' lang='lat' dir='ltr'>tenerae</span> <span class='ocrx_word' id='word_1_201' title='bbox 402 1820 475 1843; x_wconf 89' lang='lat' dir='ltr'>sunt</span> <span class='ocrx_word' id='word_1_202' title='bbox 484 1824 533 1854; x_wconf 86' lang='lat' dir='ltr'>ap.</span> <span class='ocrx_word' id='word_1_203' title='bbox 550 1815 624 1842; x_wconf 83' lang='lat' dir='ltr'>Pro-</span> 
     </span>
     <span class='ocr_line' id='line_1_37' title="bbox 62 1859 625 1902; baseline -0.011 -10"><span class='ocrx_word' id='word_1_204' title='bbox 62 1869 141 1902; x_wconf 86' lang='lat' dir='ltr'>pert.</span> <span class='ocrx_word' id='word_1_205' title='bbox 164 1863 198 1897; x_wconf 92' lang='grc' dir='ltr'>Ι,</span> <span class='ocrx_word' id='word_1_206' title='bbox 224 1863 283 1899; x_wconf 83' lang='lat'>18,</span> <span class='ocrx_word' id='word_1_207' title='bbox 305 1871 416 1891; x_wconf 85' lang='lat'>21.—-</span> <span class='ocrx_word' id='word_1_208' title='bbox 438 1860 513 1897; x_wconf 76' lang='lat'>467.</span> <span class='ocrx_word' id='word_1_209' title='bbox 541 1859 625 1887; x_wconf 67' lang='lat' dir='ltr'>Serae</span> 
     </span>
     <span class='ocr_line' id='line_1_38' title="bbox 62 1905 625 1945; baseline -0.007 -8"><span class='ocrx_word' id='word_1_210' title='bbox 62 1908 213 1938; x_wconf 67' lang='lat' dir='ltr'>decedere</span> <span class='ocrx_word' id='word_1_211' title='bbox 225 1907 310 1937; x_wconf 78' lang='lat' dir='ltr'>nocti</span> <span class='ocrx_word' id='word_1_212' title='bbox 319 1930 328 1944; x_wconf 87' lang='lat'>‚</span> <span class='ocrx_word' id='word_1_213' title='bbox 341 1913 378 1936; x_wconf 90' lang='lat' dir='ltr'>ut</span> <span class='ocrx_word' id='word_1_214' title='bbox 392 1906 501 1945; x_wconf 82' lang='lat' dir='ltr'>Eclog.</span> <span class='ocrx_word' id='word_1_215' title='bbox 524 1905 605 1933; x_wconf 84' lang='lat' dir='ltr'>VIII</span> <span class='ocrx_word' id='word_1_216' title='bbox 617 1925 625 1940; x_wconf 88' lang='lat'>,</span> 
     </span>
     <span class='ocr_line' id='line_1_39' title="bbox 65 1954 630 1994; baseline -0.011 -11"><span class='ocrx_word' id='word_1_217' title='bbox 65 1955 105 1983; x_wconf 81' lang='lat'>88</span> <span class='ocrx_word' id='word_1_218' title='bbox 116 1977 124 1991; x_wconf 87' lang='lat'>‚</span> <span class='ocrx_word' id='word_1_219' title='bbox 139 1954 325 1994; x_wconf 74' lang='lat' dir='ltr'>exquisitius</span> <span class='ocrx_word' id='word_1_220' title='bbox 338 1961 373 1981; x_wconf 85' lang='lat' dir='ltr'>ac</span> <span class='ocrx_word' id='word_1_221' title='bbox 385 1961 458 1981; x_wconf 89' lang='lat' dir='ltr'>sera</span> <span class='ocrx_word' id='word_1_222' title='bbox 470 1956 560 1979; x_wconf 79' lang='lat' dir='ltr'>nocte</span> <span class='ocrx_word' id='word_1_223' title='bbox 567 1962 579 1986; x_wconf 92' lang='lat'>,·</span> <span class='ocrx_word' id='word_1_224' title='bbox 594 1955 630 1978; x_wconf 92' lang='lat' dir='ltr'>ut</span> 
     </span>
     <span class='ocr_line' id='line_1_40' title="bbox 30 1995 632 2030; baseline -0.01 0"><span class='ocrx_word' id='word_1_225' title='bbox 30 2004 39 2011; x_wconf 84' lang='lat'>&#39;</span> <span class='ocrx_word' id='word_1_226' title='bbox 63 2000 245 2030; x_wconf 74' lang='lat' dir='ltr'>adventanti</span> <span class='ocrx_word' id='word_1_227' title='bbox 267 2005 322 2028; x_wconf 80' lang='lat' dir='ltr'>aut</span> <span class='ocrx_word' id='word_1_228' title='bbox 344 1997 505 2027; x_wconf 81' lang='lat' dir='ltr'>accedenti</span> <span class='ocrx_word' id='word_1_229' title='bbox 524 1995 562 2025; x_wconf 87' lang='lat' dir='ltr'>de</span> <span class='ocrx_word' id='word_1_230' title='bbox 583 1996 632 2024; x_wconf 89' lang='lat' dir='ltr'>via</span> 
     </span>
     <span class='ocr_line' id='line_1_41' title="bbox 66 2043 632 2082; baseline -0.011 -6"><span class='ocrx_word' id='word_1_231' title='bbox 66 2046 256 2076; x_wconf 77' lang='lat' dir='ltr'>decedimus.</span> <span class='ocrx_word' id='word_1_232' title='bbox 267 2061 314 2068; x_wconf 77' lang='lat'><em>-</em></span> <span class='ocrx_word' id='word_1_233' title='bbox 324 2043 432 2073; x_wconf 82' lang='lat' dir='ltr'>Solam</span> <span class='ocrx_word' id='word_1_234' title='bbox 445 2043 569 2082; x_wconf 82' lang='lat' dir='ltr'>Menag.</span> <span class='ocrx_word' id='word_1_235' title='bbox 583 2052 632 2081; x_wconf 88' lang='lat' dir='ltr'>pr.</span> 
     </span>
     <span class='ocr_line' id='line_1_42' title="bbox 65 2088 634 2128; baseline -0.012 -6"><span class='ocrx_word' id='word_1_236' title='bbox 65 2099 288 2123; x_wconf 67' lang='lat' dir='ltr'>sera—nocte</span> <span class='ocrx_word' id='word_1_237' title='bbox 306 2089 454 2120; x_wconf 72' lang='lat' dir='ltr'>nonnulli</span> <span class='ocrx_word' id='word_1_238' title='bbox 472 2088 555 2128; x_wconf 89' lang='lat' dir='ltr'>apud</span> <span class='ocrx_word' id='word_1_239' title='bbox 571 2088 634 2117; x_wconf 85' lang='lat' dir='ltr'>Pie-</span> 
     </span>
     <span class='ocr_line' id='line_1_43' title="bbox 67 2135 633 2175; baseline -0.012 -7"><span class='ocrx_word' id='word_1_240' title='bbox 67 2140 161 2168; x_wconf 81' lang='lat' dir='ltr'>riam.</span> <span class='ocrx_word' id='word_1_241' title='bbox 178 2136 346 2167; x_wconf 77' lang='lat' dir='ltr'>Discedere</span> <span class='ocrx_word' id='word_1_242' title='bbox 362 2135 437 2175; x_wconf 86' lang='lat' dir='ltr'>frag.</span> <span class='ocrx_word' id='word_1_243' title='bbox 455 2135 570 2164; x_wconf 85' lang='lat' dir='ltr'>Moret.</span> <span class='ocrx_word' id='word_1_244' title='bbox 586 2143 633 2162; x_wconf 87' lang='lat' dir='ltr'>re-</span> 
     </span>
    </p>
   </div>
   <div class='ocr_carea' id='block_1_8' title="bbox 31 2180 633 2222">
    <p class='ocr_par' dir='ltr' id='par_1_11' title="bbox 31 2180 633 2222">
     <span class='ocr_line' id='line_1_44' title="bbox 31 2180 633 2222; baseline -0.013 -7"><span class='ocrx_word' id='word_1_245' title='bbox 31 2220 34 2222; x_wconf 34' lang='grc'>,</span> <span class='ocrx_word' id='word_1_246' title='bbox 69 2184 178 2215; x_wconf 82' lang='lat' dir='ltr'>cedere</span> <span class='ocrx_word' id='word_1_247' title='bbox 191 2184 274 2214; x_wconf 88' lang='lat' dir='ltr'>Ven.</span> <span class='ocrx_word' id='word_1_248' title='bbox 293 2183 332 2213; x_wconf 85' lang='lat' dir='ltr'>cf.</span> <span class='ocrx_word' id='word_1_249' title='bbox 355 2181 393 2212; x_wconf 79' lang='lat' dir='ltr'>ad</span> <span class='ocrx_word' id='word_1_250' title='bbox 408 2181 515 2221; x_wconf 85' lang='lat' dir='ltr'>Eclog.</span> <span class='ocrx_word' id='word_1_251' title='bbox 534 2180 613 2210; x_wconf 81' lang='lat' dir='ltr'><strong>VIII</strong></span> <span class='ocrx_word' id='word_1_252' title='bbox 625 2200 633 2215; x_wconf 91' lang='lat'>‚</span> 
     </span>
    </p>
   </div>
   <div class='ocr_carea' id='block_1_9' title="bbox 662 740 1236 976">
    <p class='ocr_par' dir='ltr' id='par_1_12' title="bbox 662 740 1236 976">
     <span class='ocr_line' id='line_1_45' title="bbox 665 740 1236 787; baseline -0.019 -7"><span class='ocrx_word' id='word_1_253' title='bbox 665 751 704 780; x_wconf 83' lang='lat'>28</span> <span class='ocrx_word' id='word_1_254' title='bbox 716 773 724 787; x_wconf 85' lang='lat'><em>,</em></span> <span class='ocrx_word' id='word_1_255' title='bbox 738 749 891 779; x_wconf 80' lang='lat' dir='ltr'>deducere</span> <span class='ocrx_word' id='word_1_256' title='bbox 904 746 967 777; x_wconf 85' lang='lat' dir='ltr'>Erf.</span> <span class='ocrx_word' id='word_1_257' title='bbox 979 762 1025 768; x_wconf 85' lang='lat'>--</span> <span class='ocrx_word' id='word_1_258' title='bbox 1035 743 1110 780; x_wconf 72' lang='grc'>468.</span> <span class='ocrx_word' id='word_1_259' title='bbox 1130 740 1236 771; x_wconf 77' lang='lat' dir='ltr'>Conti-</span> 
     </span>
     <span class='ocr_line' id='line_1_46' title="bbox 664 789 1233 836; baseline -0.019 -10"><span class='ocrx_word' id='word_1_260' title='bbox 664 807 726 826; x_wconf 83' lang='lat' dir='ltr'>nuo</span> <span class='ocrx_word' id='word_1_261' title='bbox 747 796 873 836; x_wconf 81' lang='lat' dir='ltr'>culpam</span> <span class='ocrx_word' id='word_1_262' title='bbox 888 801 1063 833; x_wconf 79' lang='lat' dir='ltr'>compesce,</span> <span class='ocrx_word' id='word_1_263' title='bbox 1078 789 1111 818; x_wconf 91' lang='lat' dir='ltr'>h.</span> <span class='ocrx_word' id='word_1_264' title='bbox 1129 789 1233 817; x_wconf 83' lang='lat' dir='ltr'>statim</span> 
     </span>
     <span class='ocr_line' id='line_1_47' title="bbox 665 839 1235 881; baseline -0.021 -8"><span class='ocrx_word' id='word_1_265' title='bbox 665 842 784 873; x_wconf 86' lang='lat' dir='ltr'>occide.</span> <span class='ocrx_word' id='word_1_266' title='bbox 799 841 933 881; x_wconf 74' lang='lat' dir='ltr'>Culpam</span> <span class='ocrx_word' id='word_1_267' title='bbox 942 862 949 875; x_wconf 85' lang='lat'>,</span> <span class='ocrx_word' id='word_1_268' title='bbox 960 839 992 868; x_wconf 86' lang='lat' dir='ltr'>h.</span> <span class='ocrx_word' id='word_1_269' title='bbox 1005 845 1142 867; x_wconf 77' lang='lat' dir='ltr'>caussam</span> <span class='ocrx_word' id='word_1_270' title='bbox 1154 844 1235 863; x_wconf 72' lang='lat' dir='ltr'>inor-</span> 
     </span>
     <span class='ocr_line' id='line_1_48' title="bbox 665 879 1235 926; baseline -0.021 -7"><span class='ocrx_word' id='word_1_271' title='bbox 665 890 700 919; x_wconf 77' lang='lat' dir='ltr'>bi.</span> <span class='ocrx_word' id='word_1_272' title='bbox 711 912 718 926; x_wconf 87' lang='lat'>‚</span> <span class='ocrx_word' id='word_1_273' title='bbox 735 888 852 917; x_wconf 86' lang='lat' dir='ltr'>malum</span> <span class='ocrx_word' id='word_1_274' title='bbox 864 909 872 923; x_wconf 86' lang='lat'><strong><em>‚</em></strong></span> <span class='ocrx_word' id='word_1_275' title='bbox 886 887 1000 916; x_wconf 80' lang='lat' dir='ltr'>virium</span> <span class='ocrx_word' id='word_1_276' title='bbox 1011 906 1019 919; x_wconf 80' lang='lat'><strong>‚</strong></span> <span class='ocrx_word' id='word_1_277' title='bbox 1038 879 1124 914; x_wconf 76' lang='grc' dir='ltr'>ἄτην.</span> <span class='ocrx_word' id='word_1_278' title='bbox 1144 880 1235 909; x_wconf 83' lang='lat' dir='ltr'><em>Com-</em></span> 
     </span>
     <span class='ocr_line' id='line_1_49' title="bbox 662 929 1235 976; baseline -0.019 -11"><span class='ocrx_word' id='word_1_279' title='bbox 662 946 758 976; x_wconf 79' lang='lat' dir='ltr'>pesce</span> <span class='ocrx_word' id='word_1_280' title='bbox 769 957 776 971; x_wconf 90' lang='lat'>‚</span> <span class='ocrx_word' id='word_1_281' title='bbox 793 943 901 963; x_wconf 89' lang='lat' dir='ltr'>coerce</span> <span class='ocrx_word' id='word_1_282' title='bbox 913 955 920 969; x_wconf 87' lang='lat'><strong>‚</strong></span> <span class='ocrx_word' id='word_1_283' title='bbox 945 942 985 960; x_wconf 89' lang='lat' dir='ltr'>ne</span> <span class='ocrx_word' id='word_1_284' title='bbox 1005 929 1098 959; x_wconf 88' lang='lat' dir='ltr'>latius</span> <span class='ocrx_word' id='word_1_285' title='bbox 1113 933 1215 966; x_wconf 84' lang='lat' dir='ltr'>serpat</span> <span class='ocrx_word' id='word_1_286' title='bbox 1227 948 1235 962; x_wconf 81' lang='lat'>‚</span> 
     </span>
    </p>
   </div>
   <div class='ocr_carea' id='block_1_10' title="bbox 660 972 1239 1023">
    <p class='ocr_par' dir='ltr' id='par_1_13' title="bbox 660 972 1239 1023">
     <span class='ocr_line' id='line_1_50' title="bbox 660 972 1239 1023; baseline -0.021 -12"><span class='ocrx_word' id='word_1_287' title='bbox 660 981 751 1023; x_wconf 80' lang='lat' dir='ltr'>ferro</span> <span class='ocrx_word' id='word_1_288' title='bbox 763 1003 770 1017; x_wconf 91' lang='lat'>‚</span> <span class='ocrx_word' id='word_1_289' title='bbox 784 982 851 1021; x_wconf 87' lang='lat' dir='ltr'>ipsa</span> <span class='ocrx_word' id='word_1_290' title='bbox 863 977 993 1020; x_wconf 71' lang='lat' dir='ltr'>pecudis</span> <span class='ocrx_word' id='word_1_291' title='bbox 1006 974 1100 1005; x_wconf 83' lang='lat' dir='ltr'>caede.</span> <span class='ocrx_word' id='word_1_292' title='bbox 1112 972 1239 1003; x_wconf 83' lang='lat' dir='ltr'>Gratius</span> 
     </span>
    </p>
   </div>
   <div class='ocr_carea' id='block_1_11' title="bbox 667 1021 1252 2213">
    <p class='ocr_par' dir='ltr' id='par_1_14' title="bbox 667 1021 1245 1518">
     <span class='ocr_line' id='line_1_51' title="bbox 672 1021 1237 1068; baseline -0.023 -10"><span class='ocrx_word' id='word_1_293' title='bbox 672 1029 792 1068; x_wconf 64' lang='lat' dir='ltr'>Cyneg.</span> <span class='ocrx_word' id='word_1_294' title='bbox 823 1032 899 1061; x_wconf 74' lang='lat'>410.</span> <span class='ocrx_word' id='word_1_295' title='bbox 925 1026 963 1054; x_wconf 83' lang='lat' dir='ltr'>In</span> <span class='ocrx_word' id='word_1_296' title='bbox 983 1021 1090 1063; x_wconf 82' lang='lat' dir='ltr'>primo</span> <span class='ocrx_word' id='word_1_297' title='bbox 1111 1028 1237 1049; x_wconf 76' lang='lat' dir='ltr'>accessu</span> 
     </span>
     <span class='ocr_line' id='line_1_52' title="bbox 673 1066 1238 1107; baseline -0.019 -4"><span class='ocrx_word' id='word_1_298' title='bbox 673 1073 768 1103; x_wconf 78' lang='lat' dir='ltr'>tristis</span> <span class='ocrx_word' id='word_1_299' title='bbox 792 1071 971 1107; x_wconf 78' lang='lat' dir='ltr'>medicina,</span> <span class='ocrx_word' id='word_1_300' title='bbox 989 1067 1047 1097; x_wconf 80' lang='lat' dir='ltr'>sed</span> <span class='ocrx_word' id='word_1_301' title='bbox 1069 1076 1135 1095; x_wconf 79' lang='lat' dir='ltr'>una</span> <span class='ocrx_word' id='word_1_302' title='bbox 1165 1066 1238 1094; x_wconf 87' lang='lat' dir='ltr'>Per-</span> 
     </span>
     <span class='ocr_line' id='line_1_53' title="bbox 672 1112 1242 1150; baseline -0.021 -1"><span class='ocrx_word' id='word_1_303' title='bbox 672 1119 768 1150; x_wconf 79' lang='lat' dir='ltr'>nicies</span> <span class='ocrx_word' id='word_1_304' title='bbox 797 1116 984 1148; x_wconf 84' lang='lat' dir='ltr'>redimenda</span> <span class='ocrx_word' id='word_1_305' title='bbox 1013 1112 1144 1148; x_wconf 81' lang='lat' dir='ltr'>anima,</span> <span class='ocrx_word' id='word_1_306' title='bbox 1171 1121 1242 1150; x_wconf 79' lang='lat' dir='ltr'>quoe</span> 
     </span>
     <span class='ocr_line' id='line_1_54' title="bbox 667 1157 1237 1207; baseline -0.023 -11"><span class='ocrx_word' id='word_1_307' title='bbox 667 1166 777 1207; x_wconf 78' lang='lat' dir='ltr'>prima</span> <span class='ocrx_word' id='word_1_308' title='bbox 794 1163 923 1204; x_wconf 75' lang='lat' dir='ltr'>sequaci</span> <span class='ocrx_word' id='word_1_309' title='bbox 938 1164 1055 1202; x_wconf 79' lang='lat' dir='ltr'>Sparsa</span> <span class='ocrx_word' id='word_1_310' title='bbox 1072 1157 1158 1188; x_wconf 85' lang='lat' dir='ltr'>malo</span> <span class='ocrx_word' id='word_1_311' title='bbox 1173 1162 1237 1190; x_wconf 80' lang='lat' dir='ltr'>est,</span> 
     </span>
     <span class='ocr_line' id='line_1_55' title="bbox 675 1202 1243 1245; baseline -0.023 -3"><span class='ocrx_word' id='word_1_312' title='bbox 675 1223 715 1241; x_wconf 87' lang='lat' dir='ltr'>ne</span> <span class='ocrx_word' id='word_1_313' title='bbox 742 1211 813 1241; x_wconf 79' lang='lat' dir='ltr'>dira</span> <span class='ocrx_word' id='word_1_314' title='bbox 839 1209 971 1240; x_wconf 77' lang='lat' dir='ltr'>trahant</span> <span class='ocrx_word' id='word_1_315' title='bbox 997 1203 1147 1245; x_wconf 78' lang='lat' dir='ltr'>contagia</span> <span class='ocrx_word' id='word_1_316' title='bbox 1171 1202 1243 1231; x_wconf 71' lang='lat' dir='ltr'>vul-</span> 
     </span>
     <span class='ocr_line' id='line_1_56' title="bbox 671 1251 1241 1300; baseline -0.023 -12"><span class='ocrx_word' id='word_1_317' title='bbox 671 1269 760 1300; x_wconf 77' lang='lat' dir='ltr'>gum.</span> <span class='ocrx_word' id='word_1_318' title='bbox 790 1255 881 1286; x_wconf 88' lang='lat' dir='ltr'>Conf.</span> <span class='ocrx_word' id='word_1_319' title='bbox 905 1254 975 1284; x_wconf 87' lang='lat' dir='ltr'>ibid</span> <span class='ocrx_word' id='word_1_320' title='bbox 996 1264 1026 1281; x_wconf 90' lang='lat' dir='ltr'>v.</span> <span class='ocrx_word' id='word_1_321' title='bbox 1048 1251 1113 1289; x_wconf 77' lang='lat'>369</span> <span class='ocrx_word' id='word_1_322' title='bbox 1136 1260 1181 1289; x_wconf 81' lang='lat' dir='ltr'>sq.</span> <span class='ocrx_word' id='word_1_323' title='bbox 1195 1266 1241 1270; x_wconf 86' lang='lat'>—-</span> 
     </span>
     <span class='ocr_line' id='line_1_57' title="bbox 674 1296 1242 1342; baseline -0.019 -9"><span class='ocrx_word' id='word_1_324' title='bbox 674 1304 817 1334; x_wconf 69' lang='lat' dir='ltr'>BIorbum</span> <span class='ocrx_word' id='word_1_325' title='bbox 838 1300 929 1342; x_wconf 73' lang='lat' dir='ltr'>ferro</span> <span class='ocrx_word' id='word_1_326' title='bbox 962 1296 1083 1329; x_wconf 85' lang='lat' dir='ltr'>anich.</span> <span class='ocrx_word' id='word_1_327' title='bbox 1112 1306 1129 1324; x_wconf 86' lang='lat' dir='ltr'>a</span> <span class='ocrx_word' id='word_1_328' title='bbox 1159 1305 1242 1323; x_wconf 80' lang='lat' dir='ltr'>man.</span> 
     </span>
     <span class='ocr_line' id='line_1_58' title="bbox 670 1341 1242 1385; baseline -0.019 -5"><span class='ocrx_word' id='word_1_329' title='bbox 670 1361 731 1379; x_wconf 88' lang='lat' dir='ltr'>sec.</span> <span class='ocrx_word' id='word_1_330' title='bbox 763 1351 857 1379; x_wconf 83' lang='lat' dir='ltr'>Ferro</span> <span class='ocrx_word' id='word_1_331' title='bbox 880 1346 1009 1385; x_wconf 79' lang='lat' dir='ltr'>culpam</span> <span class='ocrx_word' id='word_1_332' title='bbox 1026 1342 1101 1373; x_wconf 89' lang='lat' dir='ltr'>Ald.</span> <span class='ocrx_word' id='word_1_333' title='bbox 1127 1347 1158 1370; x_wconf 85' lang='lat' dir='ltr'>et</span> <span class='ocrx_word' id='word_1_334' title='bbox 1175 1341 1242 1371; x_wconf 81' lang='lat' dir='ltr'>aliae</span> 
     </span>
     <span class='ocr_line' id='line_1_59' title="bbox 670 1388 1245 1430; baseline -0.021 -4"><span class='ocrx_word' id='word_1_335' title='bbox 670 1396 746 1425; x_wconf 86' lang='lat' dir='ltr'>hine</span> <span class='ocrx_word' id='word_1_336' title='bbox 764 1394 876 1430; x_wconf 79' lang='lat' dir='ltr'>editae3</span> <span class='ocrx_word' id='word_1_337' title='bbox 900 1394 993 1421; x_wconf 86' lang='lat' dir='ltr'>etiam</span> <span class='ocrx_word' id='word_1_338' title='bbox 1019 1388 1091 1418; x_wconf 85' lang='lat' dir='ltr'>edd.</span> <span class='ocrx_word' id='word_1_339' title='bbox 1121 1393 1183 1417; x_wconf 75' lang='lat' dir='ltr'>vet.</span> <span class='ocrx_word' id='word_1_340' title='bbox 1214 1393 1245 1416; x_wconf 92' lang='lat' dir='ltr'>et</span> 
     </span>
     <span class='ocr_line' id='line_1_60' title="bbox 672 1434 1245 1478; baseline -0.017 -7"><span class='ocrx_word' id='word_1_341' title='bbox 672 1452 780 1471; x_wconf 89' lang='lat' dir='ltr'>omnes</span> <span class='ocrx_word' id='word_1_342' title='bbox 811 1439 920 1478; x_wconf 82' lang='lat' dir='ltr'>scripti</span> <span class='ocrx_word' id='word_1_343' title='bbox 953 1435 1103 1471; x_wconf 83' lang='lat' dir='ltr'>Martini,</span> <span class='ocrx_word' id='word_1_344' title='bbox 1139 1434 1245 1462; x_wconf 86' lang='lat' dir='ltr'>minus</span> 
     </span>
     <span class='ocr_line' id='line_1_61' title="bbox 674 1488 840 1518; baseline -0.018 0"><span class='ocrx_word' id='word_1_345' title='bbox 674 1488 840 1518; x_wconf 88' lang='lat' dir='ltr'>concinne.</span> 
     </span>
    </p>

    <p class='ocr_par' dir='ltr' id='par_1_15' title="bbox 674 1524 1252 2213">
     <span class='ocr_line' id='line_1_62' title="bbox 722 1524 1241 1571; baseline -0.019 -8"><span class='ocrx_word' id='word_1_346' title='bbox 722 1540 798 1571; x_wconf 75' lang='lat'>470.</span> <span class='ocrx_word' id='word_1_347' title='bbox 810 1530 886 1562; x_wconf 72' lang='lat' dir='ltr'>Ruit</span> <span class='ocrx_word' id='word_1_348' title='bbox 894 1540 1025 1570; x_wconf 74' lang='lat' dir='ltr'>(equora</span> <span class='ocrx_word' id='word_1_349' title='bbox 1037 1527 1121 1558; x_wconf 83' lang='lat' dir='ltr'>Gud.</span> <span class='ocrx_word' id='word_1_350' title='bbox 1135 1550 1142 1565; x_wconf 93' lang='lat'>,</span> <span class='ocrx_word' id='word_1_351' title='bbox 1154 1524 1241 1566; x_wconf 87' lang='lat' dir='ltr'>quod</span> 
     </span>
     <span class='ocr_line' id='line_1_63' title="bbox 674 1572 1239 1609; baseline -0.018 0"><span class='ocrx_word' id='word_1_352' title='bbox 674 1578 840 1609; x_wconf 80' lang='lat' dir='ltr'>confirmat</span> <span class='ocrx_word' id='word_1_353' title='bbox 860 1578 969 1606; x_wconf 85' lang='lat' dir='ltr'>Heins.</span> <span class='ocrx_word' id='word_1_354' title='bbox 987 1576 1026 1605; x_wconf 83' lang='lat' dir='ltr'>ad</span> <span class='ocrx_word' id='word_1_355' title='bbox 1055 1576 1125 1604; x_wconf 86' lang='lat' dir='ltr'>AEn.</span> <span class='ocrx_word' id='word_1_356' title='bbox 1155 1572 1219 1602; x_wconf 78' lang='lat' dir='ltr'>XII</span> <span class='ocrx_word' id='word_1_357' title='bbox 1232 1595 1239 1607; x_wconf 91' lang='lat'>‚</span> 
     </span>
     <span class='ocr_line' id='line_1_64' title="bbox 675 1617 1244 1662; baseline -0.018 -6"><span class='ocrx_word' id='word_1_358' title='bbox 675 1627 717 1655; x_wconf 84' lang='lat'>63</span> <span class='ocrx_word' id='word_1_359' title='bbox 749 1632 780 1655; x_wconf 86' lang='lat' dir='ltr'>et</span> <span class='ocrx_word' id='word_1_360' title='bbox 805 1627 839 1661; x_wconf 84' lang='grc' dir='ltr'>Ι,</span> <span class='ocrx_word' id='word_1_361' title='bbox 869 1623 930 1658; x_wconf 69' lang='grc'>84,</span> <span class='ocrx_word' id='word_1_362' title='bbox 956 1628 986 1651; x_wconf 88' lang='lat' dir='ltr'>et</span> <span class='ocrx_word' id='word_1_363' title='bbox 1004 1622 1107 1662; x_wconf 80' lang='lat' dir='ltr'>placet</span> <span class='ocrx_word' id='word_1_364' title='bbox 1136 1617 1244 1648; x_wconf 82' lang='lat' dir='ltr'>admo.-</span> 
     </span>
     <span class='ocr_line' id='line_1_65' title="bbox 675 1662 1243 1709; baseline -0.018 -8"><span class='ocrx_word' id='word_1_365' title='bbox 675 1672 770 1708; x_wconf 87' lang='lat' dir='ltr'>du1n;</span> <span class='ocrx_word' id='word_1_366' title='bbox 802 1670 921 1709; x_wconf 85' lang='lat' dir='ltr'>recepit</span> <span class='ocrx_word' id='word_1_367' title='bbox 957 1670 1084 1707; x_wconf 74' lang='lat' dir='ltr'>quoque</span> <span class='ocrx_word' id='word_1_368' title='bbox 1119 1662 1243 1694; x_wconf 83' lang='lat' dir='ltr'>Wakef.</span> 
     </span>
     <span class='ocr_line' id='line_1_66' title="bbox 676 1713 1246 1755; baseline -0.019 -7"><span class='ocrx_word' id='word_1_369' title='bbox 676 1724 790 1755; x_wconf 65' lang='lat'><strong>——470</strong></span> <span class='ocrx_word' id='word_1_370' title='bbox 803 1739 810 1753; x_wconf 89' lang='lat'><strong>‚</strong></span> <span class='ocrx_word' id='word_1_371' title='bbox 829 1722 867 1753; x_wconf 73' lang='lat'>47</span> <span class='ocrx_word' id='word_1_372' title='bbox 880 1726 905 1745; x_wconf 85' lang='lat'>1.</span> <span class='ocrx_word' id='word_1_373' title='bbox 918 1713 1086 1743; x_wconf 67' lang='lat' dir='ltr'>Infit-mum</span> <span class='ocrx_word' id='word_1_374' title='bbox 1101 1719 1199 1750; x_wconf 86' lang='lat' dir='ltr'>pecus</span> <span class='ocrx_word' id='word_1_375' title='bbox 1215 1715 1246 1738; x_wconf 89' lang='lat' dir='ltr'>et</span> 
     </span>
     <span class='ocr_line' id='line_1_67' title="bbox 674 1759 1247 1795; baseline -0.019 -1"><span class='ocrx_word' id='word_1_376' title='bbox 674 1765 767 1794; x_wconf 75' lang='lat' dir='ltr'>variis</span> <span class='ocrx_word' id='word_1_377' title='bbox 796 1761 915 1792; x_wconf 84' lang='lat' dir='ltr'>morbis</span> <span class='ocrx_word' id='word_1_378' title='bbox 946 1759 1123 1789; x_wconf 86' lang='lat' dir='ltr'>obnoxium</span> <span class='ocrx_word' id='word_1_379' title='bbox 1149 1764 1247 1795; x_wconf 70' lang='lat' dir='ltr'>pecus</span> 
     </span>
     <span class='ocr_line' id='line_1_68' title="bbox 677 1802 1245 1845; baseline -0.021 -5"><span class='ocrx_word' id='word_1_380' title='bbox 677 1810 820 1841; x_wconf 81' lang='lat' dir='ltr'>ovillum.</span> <span class='ocrx_word' id='word_1_381' title='bbox 836 1806 946 1837; x_wconf 87' lang='lat' dir='ltr'>Videri</span> <span class='ocrx_word' id='word_1_382' title='bbox 962 1810 1065 1845; x_wconf 86' lang='lat' dir='ltr'>potest</span> <span class='ocrx_word' id='word_1_383' title='bbox 1078 1804 1179 1832; x_wconf 89' lang='lat' dir='ltr'>Varro</span> <span class='ocrx_word' id='word_1_384' title='bbox 1197 1802 1245 1836; x_wconf 89' lang='lat' dir='ltr'>II,</span> 
     </span>
     <span class='ocr_line' id='line_1_69' title="bbox 681 1847 1247 1893; baseline -0.021 -6"><span class='ocrx_word' id='word_1_385' title='bbox 681 1858 698 1887; x_wconf 81' lang='lat'>3</span> <span class='ocrx_word' id='word_1_386' title='bbox 716 1879 723 1893; x_wconf 90' lang='lat'><strong>‚</strong></span> <span class='ocrx_word' id='word_1_387' title='bbox 741 1856 757 1885; x_wconf 85' lang='lat'><strong><em>5</em></strong></span> <span class='ocrx_word' id='word_1_388' title='bbox 770 1878 778 1891; x_wconf 85' lang='lat'><strong>,</strong></span> <span class='ocrx_word' id='word_1_389' title='bbox 799 1855 834 1891; x_wconf 80' lang='lat'>83</span> <span class='ocrx_word' id='word_1_390' title='bbox 854 1853 977 1883; x_wconf 89' lang='lat' dir='ltr'>Colum.</span> <span class='ocrx_word' id='word_1_391' title='bbox 993 1850 1075 1885; x_wconf 81' lang='lat' dir='ltr'><strong>VII,</strong></span> <span class='ocrx_word' id='word_1_392' title='bbox 1094 1848 1125 1884; x_wconf 79' lang='lat'>53</span> <span class='ocrx_word' id='word_1_393' title='bbox 1146 1847 1247 1885; x_wconf 88' lang='lat' dir='ltr'>Geop.</span> 
     </span>
     <span class='ocr_line' id='line_1_70' title="bbox 679 1895 1249 1938; baseline -0.021 -6"><span class='ocrx_word' id='word_1_394' title='bbox 679 1902 811 1937; x_wconf 80' lang='lat' dir='ltr'><strong>XVIII,</strong></span> <span class='ocrx_word' id='word_1_395' title='bbox 830 1910 871 1938; x_wconf 75' lang='lat'>93</span> <span class='ocrx_word' id='word_1_396' title='bbox 894 1898 1021 1927; x_wconf 83' lang='lat' dir='ltr'>Gratius</span> <span class='ocrx_word' id='word_1_397' title='bbox 1043 1895 1161 1935; x_wconf 81' lang='lat' dir='ltr'>Cyneg.</span> <span class='ocrx_word' id='word_1_398' title='bbox 1183 1898 1249 1930; x_wconf 75' lang='lat'>479</span> 
     </span>
     <span class='ocr_line' id='line_1_71' title="bbox 685 1940 1250 1987; baseline -0.021 -10"><span class='ocrx_word' id='word_1_399' title='bbox 685 1958 751 1987; x_wconf 84' lang='lat' dir='ltr'>sqq.</span> <span class='ocrx_word' id='word_1_400' title='bbox 769 1945 867 1976; x_wconf 78' lang='lat' dir='ltr'>Turbo</span> <span class='ocrx_word' id='word_1_401' title='bbox 886 1953 986 1984; x_wconf 78' lang='lat' dir='ltr'>agens</span> <span class='ocrx_word' id='word_1_402' title='bbox 1004 1940 1138 1970; x_wconf 78' lang='lat' dir='ltr'>hiemem</span> <span class='ocrx_word' id='word_1_403' title='bbox 1154 1961 1162 1975; x_wconf 81' lang='grc'>,</span> <span class='ocrx_word' id='word_1_404' title='bbox 1174 1947 1250 1977; x_wconf 87' lang='lat' dir='ltr'>pro-</span> 
     </span>
     <span class='ocr_line' id='line_1_72' title="bbox 687 1983 1247 2029; baseline -0.02 -7"><span class='ocrx_word' id='word_1_405' title='bbox 687 1994 779 2022; x_wconf 82' lang='lat' dir='ltr'>cellas</span> <span class='ocrx_word' id='word_1_406' title='bbox 790 2015 798 2029; x_wconf 90' lang='lat'>‚</span> <span class='ocrx_word' id='word_1_407' title='bbox 812 1990 947 2025; x_wconf 79' lang='lat' dir='ltr'>imbres3</span> <span class='ocrx_word' id='word_1_408' title='bbox 966 1997 1034 2018; x_wconf 85' lang='lat' dir='ltr'>non</span> <span class='ocrx_word' id='word_1_409' title='bbox 1048 1993 1111 2015; x_wconf 85' lang='lat' dir='ltr'>tam</span> <span class='ocrx_word' id='word_1_410' title='bbox 1124 1983 1247 2018; x_wconf 84' lang='lat' dir='ltr'>creber,</span> 
     </span>
     <span class='ocr_line' id='line_1_73' title="bbox 688 2029 1251 2074; baseline -0.021 -6"><span class='ocrx_word' id='word_1_411' title='bbox 688 2039 800 2068; x_wconf 85' lang='lat' dir='ltr'>crebro</span> <span class='ocrx_word' id='word_1_412' title='bbox 810 2060 818 2074; x_wconf 92' lang='lat'>‚</span> <span class='ocrx_word' id='word_1_413' title='bbox 834 2036 914 2073; x_wconf 74' lang='lat' dir='ltr'>ruit,</span> <span class='ocrx_word' id='word_1_414' title='bbox 930 2034 962 2064; x_wconf 93' lang='lat' dir='ltr'>h.</span> <span class='ocrx_word' id='word_1_415' title='bbox 987 2043 1053 2062; x_wconf 89' lang='lat' dir='ltr'>non</span> <span class='ocrx_word' id='word_1_416' title='bbox 1070 2038 1132 2061; x_wconf 85' lang='lat' dir='ltr'>tam</span> <span class='ocrx_word' id='word_1_417' title='bbox 1148 2029 1251 2059; x_wconf 87' lang='lat' dir='ltr'>crebri</span> 
     </span>
     <span class='ocr_line' id='line_1_74' title="bbox 687 2075 1252 2123; baseline -0.021 -9"><span class='ocrx_word' id='word_1_418' title='bbox 687 2095 722 2114; x_wconf 86' lang='lat' dir='ltr'>ac</span> <span class='ocrx_word' id='word_1_419' title='bbox 743 2085 920 2123; x_wconf 81' lang='lat' dir='ltr'>frequentes</span> <span class='ocrx_word' id='word_1_420' title='bbox 948 2079 1091 2109; x_wconf 82' lang='lat' dir='ltr'>turbines</span> <span class='ocrx_word' id='word_1_421' title='bbox 1118 2077 1153 2106; x_wconf 86' lang='lat' dir='ltr'>in</span> <span class='ocrx_word' id='word_1_422' title='bbox 1173 2075 1252 2104; x_wconf 87' lang='lat' dir='ltr'>mari</span> 
     </span>
     <span class='ocr_line' id='line_1_75' title="bbox 687 2123 1252 2161; baseline -0.021 -1"><span class='ocrx_word' id='word_1_423' title='bbox 687 2131 886 2160; x_wconf 79' lang='lat' dir='ltr'>exoriuntur.</span> <span class='ocrx_word' id='word_1_424' title='bbox 903 2128 959 2156; x_wconf 89' lang='lat' dir='ltr'>Ge.</span> <span class='ocrx_word' id='word_1_425' title='bbox 975 2126 1032 2161; x_wconf 81' lang='lat' dir='ltr'>IV,</span> <span class='ocrx_word' id='word_1_426' title='bbox 1047 2124 1105 2160; x_wconf 86' lang='lat'>80,</span> <span class='ocrx_word' id='word_1_427' title='bbox 1122 2123 1176 2158; x_wconf 88' lang='lat'>81,</span> <span class='ocrx_word' id='word_1_428' title='bbox 1188 2130 1252 2150; x_wconf 84' lang='lat' dir='ltr'>non</span> 
     </span>
     <span class='ocr_line' id='line_1_76' title="bbox 688 2166 1252 2213; baseline -0.018 -7"><span class='ocrx_word' id='word_1_429' title='bbox 688 2175 817 2206; x_wconf 77' lang='lat' dir='ltr'>densior</span> <span class='ocrx_word' id='word_1_430' title='bbox 847 2183 920 2203; x_wconf 85' lang='lat' dir='ltr'>aere</span> <span class='ocrx_word' id='word_1_431' title='bbox 943 2170 1085 2213; x_wconf 78' lang='lat' dir='ltr'>grando,</span> <span class='ocrx_word' id='word_1_432' title='bbox 1117 2168 1186 2199; x_wconf 88' lang='lat' dir='ltr'>Nec</span> <span class='ocrx_word' id='word_1_433' title='bbox 1214 2166 1252 2196; x_wconf 77' lang='lat' dir='ltr'>de</span> 
     </span>
    </p>
   </div>
  </div>
 </body>
</html>
