1377 2428
552 85 672 113 LIBER
696 84 752 112 IV.

1179 81 1240 118 303

64 147 141 180 Ora
160 144 262 188 fove,
283 143 477 191 fumosque
493 155 604 177 manu
621 140 809 190 praetende
829 141 1007 189 sequacis.

64 202 122 238 Bis
137 202 310 251 gravidos
327 210 463 250 cogunt
480 201 592 246 fetus,
610 200 684 236 duo
703 208 871 248 tempora
889 199 1032 244 messis,

62 355 159 383 Etiam
194 354 338 384 Medjceo
377 364 394 383 a
416 364 496 383 man.
527 354 619 393 prim.

64 398 229 439 Oresave,
257 411 329 429 cum
356 399 428 429 Ald.
448 409 506 429 sec.
524 401 620 429 Rece-

60 446 107 485 pit
119 445 180 474 hoc
194 445 371 474 Brunckius
385 452 532 484 tanquam
547 456 622 485 prae-

61 491 150 530 cipiti
175 492 350 531 Aproniani
372 491 492 528 judicio
521 497 621 520 muta-

61 543 151 567 tum:
165 546 229 566 esse
245 548 284 566 ex
305 548 338 566 re
358 546 441 565 sacra
465 537 596 576 petitum
611 558 620 572 ‚

61 589 97 611 ut
121 582 197 611 adeo
220 593 318 622 purus
343 589 373 611 et
399 593 471 612 cum
497 582 620 612 silentio

60 627 184 657 accedat
207 629 350 668 apiarius,
365 645 410 650 -—
426 628 515 657 Prius
532 627 621 657 haus-

60 680 92 702 tu
114 684 235 713 sparsus
263 684 416 714 aquarum
450 675 513 703 Ora
531 673 618 714 fove.

58 719 90 749 Si
104 729 175 749 vera
187 719 254 749 haec
268 727 313 749 est
326 720 429 755 lectio,
443 727 474 748 et
488 720 514 748 si
526 720 619 748 inter-

58 765 202 804 pretandi
229 766 348 805 regulas
373 766 524 805 sequeris,
549 775 618 795 seu-

60 812 154 840 oentia
181 812 284 841 verbis
315 810 528 840 efficiturhaec
551 820 559 841 ε
584 818 619 840 ut

48 855 159 897 fiwere
173 868 230 886 ora
242 857 351 886 haustu
365 868 518 897 aquarum
529 879 536 890 ,
556 857 617 886 die-

59 909 87 930 ta
103 903 166 931 sint
179 913 237 942 pro
248 925 256 939 ,
279 903 383 932 fovere
402 913 511 942 aquam
525 902 618 931 haus-

56 954 120 976 tam
136 958 207 985 ore,
231 949 262 978 h.
287 959 353 977 eam
378 955 500 984 tenere,
519 949 618 978 conti-

56 1003 130 1022 nere
141 1016 149 1030 ,
166 994 297 1031 habere3
320 996 442 1034 poetica
459 994 548 1033 copia
564 994 616 1023 ad-

56 1039 103 1068 dit
117 1050 249 1078 sparsus,
263 1040 329 1069 scil.
347 1051 411 1076 ora,
426 1039 529 1079 quoad
543 1050 614 1076 ora;

54 1083 172 1114 habens
185 1096 239 1114 ora
251 1096 365 1125 sparsa,
376 1085 531 1125 adspersa,
545 1096 616 1124 pro-

51 1129 117 1159 luta
128 1152 136 1167 ,
166 1141 254 1170 aqua.
283 1131 436 1170 Expedita
464 1130 614 1159 hactenus

52 1177 203 1205 sententia
221 1187 229 1212 ;
258 1186 331 1205 nam
359 1176 500 1206 foetorem
535 1177 614 1205 ferre

51 1229 214 1260 nequeunt
226 1231 297 1261 apes
309 1231 316 1250 :
327 1222 414 1260 quod
428 1228 546 1251 veteres
560 1223 614 1250 mi-

51 1267 94 1295 ris
109 1266 210 1295 modis
227 1267 262 1295 in
275 1267 460 1296 miraculum
480 1276 611 1303 auxere3

52 1312 92 1341 cf.
121 1313 212 1342 Varr.
238 1313 303 1348 III,
338 1313 393 1347 16,
418 1313 457 1347 6;
489 1312 611 1342 Colum.

51 1357 116 1393 IX,
136 1363 192 1393 14,
214 1359 250 1393 3;
269 1358 368 1397 Geop.
386 1359 465 1393 XV,
486 1368 524 1393 2,
554 1367 610 1396 19;

52 1403 83 1438 3,
105 1409 135 1439 4,
149 1403 256 1442 ibique
268 1402 381 1433 Niclas.
399 1402 522 1442 Quibus
536 1403 611 1441 qui-

51 1447 122 1478 dem
138 1448 215 1477 locis
230 1447 311 1477 njhil
326 1459 390 1478 esse
405 1454 507 1488 potest
524 1458 610 1487 aper-

49 1494 121 1523 tius.
142 1494 328 1530 Enimvero,
352 1494 403 1523 vel
424 1495 467 1522 sic
482 1503 548 1522 nou
563 1504 609 1522 sa-

48 1539 86 1568 tis
112 1545 212 1579 patet,
242 1549 391 1578 quorsum
413 1540 498 1579 gravi
520 1538 610 1569 odori

48 1594 157 1614 cavere
183 1595 263 1624 opus
285 1595 348 1614 esse
372 1585 526 1614 creditum
545 1584 610 1613 fue-

47 1631 107 1667 rit,
140 1641 211 1659 clun
232 1630 338 1660 fumos
364 1631 520 1660 mellarius
545 1640 610 1670 prae

47 1686 79 1705 se
94 1676 172 1705 ferat
190 1686 296 1706 manu.

93 1723 217 1752 Servius
232 1723 274 1750 ita
290 1723 411 1761 accepit
426 1731 434 1752 :
458 1737 473 1747 κ
491 1723 551 1751 Ore
557 1720 610 1762 fb-

48 1778 82 1796 ve
91 1789 100 1804 ‚
115 1769 200 1807 ipsos
211 1767 340 1796 haustus
353 1768 490 1806 scfflcet3
507 1774 537 1797 et
548 1767 610 1796 hoc

48 1813 127 1842 dicit
141 1823 148 1842 :
164 1813 345 1853 Spargendo
361 1824 474 1853 aquam
489 1815 611 1842 imitare

47 1858 198 1898 pluviam.
219 1873 235 1884 »
266 1859 414 1889 Praeclare
443 1859 482 1888 ad
511 1860 609 1899 ipsam

48 1915 132 1941 rem3
160 1914 233 1933 nam
261 1904 360 1933 solere
391 1905 523 1944 apiarios
550 1904 607 1932 hae

48 1957 113 1979 arte
128 1948 253 1989 aggredi
276 1959 363 1988 apes,
389 1957 426 1978 ut
445 1960 495 1978 eas
511 1959 550 1980 ex
569 1949 609 1978 al-

33 1996 146 2027 .vearis
166 2001 270 2034 parte,
293 2005 355 2034 qua
375 1994 459 2024 favos
480 1996 610 2025 recisuri

49 2047 137 2078 sunt,
154 2040 279 2080 fugent,
297 2047 410 2070 notum
425 2047 488 2077 est;
511 2048 541 2070 et
562 2051 607 2070 se-

47 2088 156 2127 quitur
170 2086 264 2115 altera
278 2086 386 2115 similis
401 2086 501 2123 fraus,
517 2093 553 2115 ut
564 2086 609 2115 fu-

48 2143 117 2163 mus
133 2133 340 2169 immittatur3
361 2131 530 2171 solitosque
547 2131 609 2161 hoc

48 2178 132 2209 idem
144 2178 245 2208 facere
257 2185 375 2208 veteres
385 2200 393 2215 ‚
409 2187 448 2208 ex
465 2178 608 2219 Geopon.

674 355 736 383 XV
748 376 755 389 ,
786 355 805 383 6
818 376 826 390 ,
860 365 872 382 1
902 353 1118 393 suspicabatur
1142 353 1239 383 Beck-

674 409 778 429 mann.
800 400 918 439 collega
935 400 1094 437 conjunct.
1112 399 1170 429 hac
1188 412 1239 429 su-

674 454 729 483 per
746 455 778 474 re
795 455 812 474 a
826 456 874 474 me
895 445 1116 484 compellatu53
1141 448 1240 485 sequi-

674 497 725 519 tur
743 492 885 520 Servium
904 490 1021 527 cerda,
1045 493 1151 529 etjam
1169 499 1238 521 aute

674 545 745 565 eum
765 537 870 566 Julius
889 536 1039 571 Sabinus,
1064 548 1156 576 quem
1173 538 1237 577 ple-

673 583 794 611 niorem
818 582 960 611 Servium
977 591 1047 610 cum
1063 582 1167 612 Probo
1188 584 1238 612 ha-

673 626 777 657 buisse
797 627 897 667 liquet
913 636 919 656 :
938 641 953 652 «
967 629 1067 657 Fumo
1089 628 1237 669 fugantur

673 683 744 713 apes
759 685 799 702 ex
819 673 932 709 alveis;
958 680 988 702 et
1002 681 1168 713 postquam
1188 675 1236 703 fu<

672 726 749 758 gatae
762 726 835 748 suut
846 742 855 755 ‚
879 721 1040 758 aspergine
1056 729 1143 759 aquae
1160 731 1234 749 cou-

672 765 857 804 globantur‚
883 771 917 792 ut
939 775 1005 794 nou
1027 772 1151 801 erreut3
1174 766 1234 795 hoc

671 811 743 839 ideo
756 810 809 847 fit,
826 817 861 839 nt
874 817 996 840 exemto
1011 811 1101 840 melle
1115 812 1234 840 facilius

671 856 845 885 inserantur
870 855 983 892 alveis;
1013 871 1027 881 n
1060 864 1090 886 et
1126 858 1232 897 paullo

670 909 741 941 post
758 912 766 933 :
794 901 908 943 «fove,
938 903 1064 931 contine
1087 904 1121 932 in
1139 902 1233 933 fauci-

670 946 730 976 bus
756 954 823 977 tum
842 957 964 986 sparsus
992 947 1119 977 haustus
1139 959 1232 988 aqua-

670 1003 749 1023 rum.
765 1008 780 1019 »
806 995 848 1022 Ut
870 993 936 1022 haze
950 994 1164 1033 interpretatio
1186 995 1231 1024 lo-

670 1049 741 1067 cum
755 1038 883 1074 habeat,
908 1038 1076 1068 djcendum
1091 1046 1136 1069 est
1146 1062 1154 1076 ,
1177 1050 1230 1069 au-

669 1084 813 1113 tecedens
828 1084 947 1113 djctum
960 1095 1024 1113 esse
1042 1094 1101 1125 pro
1124 1096 1230 1115 conse-

668 1136 781 1169 quente
792 1130 881 1160 :fove
891 1140 1000 1170 aquam
1010 1130 1151 1159 haustam
1164 1141 1228 1166 ore,

667 1176 783 1210 scilicet
809 1183 845 1204 ut
868 1175 1030 1215 adspergas
1054 1185 1124 1215 apes
1149 1187 1231 1216 aqua

666 1230 777 1260 easque
792 1220 887 1260 fuges.
913 1223 1044 1250 Famam
1054 1222 1229 1259 prcetende-

666 1276 716 1301 re,
734 1266 765 1296 h.
781 1272 850 1295 ante
865 1276 897 1295 se
911 1266 1009 1302 ferre;
1025 1276 1088 1306 quo
1109 1267 1228 1297 scilicet

666 1322 736 1351 apes
759 1313 794 1340 in
819 1311 1011 1341 vestibulum
1036 1312 1085 1341 vel
1118 1312 1227 1341 cellam

665 1357 795 1386 aliamve
812 1357 891 1386 alvei
912 1364 1031 1396 partem
1047 1357 1226 1397 abigantur,

664 1399 812 1442 favosque
841 1402 1023 1432 eximendos
1049 1413 1065 1432 a
1089 1403 1226 1432 mellario

664 1447 851 1487 relinquant.

710 1494 785 1523 231.
807 1496 906 1523 Foecos
915 1504 962 1533 pr.
978 1494 1125 1525 Rottend.
1137 1494 1229 1523 «Fle-

661 1549 710 1567 res
725 1539 924 1569 emendatum
937 1540 1054 1570 fuit.Et
1069 1540 1228 1580 benegra-

663 1584 749 1613 vidos
751 1584 872 1626 flores,
890 1586 963 1625 quia
987 1595 1027 1614 ex
1050 1585 1098 1614 his
1122 1586 1228 1614 omnia

663 1638 820 1670 generant.
836 1645 851 1656 »
869 1633 919 1661 Sic
936 1631 1156 1671 philargyrius.
1172 1632 1228 1660 Vi-

663 1676 716 1704 des
731 1677 862 1715 ineptias
877 1677 1101 1706 Grammatici:
1119 1677 1175 1715 qui
1188 1682 1228 1705 ta-

663 1732 735 1750 men
748 1721 827 1750 bene
842 1724 938 1752 sensit
950 1720 1166 1750 difficultatem
1181 1722 1229 1751 in-

663 1777 727 1796 esse
750 1768 822 1796 voci
842 1767 939 1807 fetus.
960 1785 1006 1789 —
1021 1768 1083 1796 231
1094 1784 1139 1789 -—
1150 1768 1226 1797 235.

662 1814 743 1842 Sunt
752 1812 819 1841 haee
831 1813 1024 1852 interposita.
1037 1813 1088 1841 Bis
1100 1814 1134 1841 in
1144 1822 1227 1842 anuo

662 1858 754 1887 mella
767 1859 967 1894 eximuntur,
986 1868 1057 1888 vere
1073 1865 1227 1888 transacto

658 1903 803 1945 (Colum.
835 1905 900 1941 IX,
926 1904 982 1940 15,
1011 1904 1069 1944 1),
1092 1910 1124 1933 et
1145 1905 1228 1934 circa

662 1950 886 1988 aequinoctium
895 1950 971 1990 (IX,
991 1955 1030 1984 14
1041 1971 1049 1986 ,
1065 1960 1078 1979 1
1089 1960 1101 1978 1
1115 1949 1141 1990 >.
1151 1950 1228 1979 Gra-

663 1994 748 2023 vidos
759 1994 866 2035 fetus,
890 2006 963 2035 apes
986 1995 1076 2025 melle
1098 2005 1226 2036 graves,

663 2040 820 2080 agricolae,
852 2051 908 2070 seu
935 2041 1065 2070 mellarii
1080 2063 1090 2077 ‚
1113 2049 1229 2081 cogunt

662 2085 710 2114 bis
722 2108 729 2121 ‚
744 2086 937 2126 compellunt
960 2093 1048 2116 extra
1063 2087 1144 2116 alvei
1158 2097 1227 2117 ves-

662 2131 809 2162 tihulum.
839 2132 961 2162 Colum.
993 2133 1040 2162 IX
1054 2154 1063 2168 ,
1094 2132 1152 2169 15,
1184 2133 1204 2161 6
1220 2143 1228 2162 :

653 2176 765 2219 fumus
780 2177 826 2207 ad
841 2188 916 2219 apes
938 2178 1122 2208 admovetur
1128 2190 1141 2216 ;
1157 2189 1228 2219 quet·
