1408 2428
117 141 250 152 νιιιὶτι
254 142 310 153 stu.
314 143 351 153 ται
355 144 368 154 ι
372 144 1212 162 ιιιιιιῃιτιινιιηινιιπιΜνιὶῑκιιιιιιςΝ-,ιπῑὶ
1216 150 1233 161 ἱ
1238 151 1272 162 ις
1276 152 1292 162 ἰ
1298 152 1315 161 a·

359 277 657 331 ECLOGA
725 278 1066 334 SEPTIMA.

536 425 891 469 MELIBOEUS.

484 650 938 686 ARGUMENTUM.

153 758 339 786 Marmore-s
357 761 464 794 pastor
481 761 598 790 narrat,
614 765 656 790 se,
675 766 749 785 cum
768 756 966 786 aberrantem
985 767 1116 797 caprum
1132 760 1303 797 quaerebat,

107 813 138 840 in
153 809 356 851 Corydonem
366 815 396 837 et
405 808 760 848 Thyrsidemincidisse‚
772 811 839 850 qui,
851 810 1003 841 assidente
1019 811 1196 851 Daphnide,
1211 822 1305 843 cantu

104 872 193 894 erant
218 863 427 897 decertaturi3
449 861 685 901 obtemperasse
710 874 742 893 se
767 863 945 904 Daphnidis
963 865 1161 902 hortatibus,
1180 875 1216 896 ut
1239 868 1304 908 ipse

104 917 249 946 assideret
267 923 298 945 et
317 922 476 944 cantantes
495 915 627 946 audiret.
647 934 693 939 —
713 927 767 947 20.
785 918 863 948 Inde
881 918 1033 959 Corydon
1047 920 1163 959 primas
1175 942 1182 956 ‚
1200 920 1303 961 Thy*-

103 974 143 1001 sis
157 969 309 1001 secundas
324 976 427 1010 partes
446 970 584 999 carmine
600 971 752 1001 amoebsco
768 972 811 1000 ita
830 973 987 1001 sustinent
998 995 1006 1007 ,
1026 980 1080 1008 ut,
1099 973 1301 1013 quemadmo-

102 1027 178 1056 dum
196 1026 262 1056 Ecl.
282 1027 329 1054 ΠΙ
345 1024 497 1061 distichis,
513 1026 558 1054 sic
572 1036 659 1055 nunc
675 1026 862 1056 tetrastichis
873 1049 881 1064 ‚
899 1037 954 1056 seu
974 1028 1134 1067 quaternis
1147 1028 1301 1061 versibus,

102 1079 326 1120 comprehensa
349 1080 487 1108 carmina
513 1079 699 1116 decantent,
728 1091 801 1110 sena
826 1089 977 1121 uterque,
1008 1081 1160 1122 Corydon
1187 1081 1300 1111 diversi

102 1145 235 1174 quaeque
254 1135 430 1174 argumenti
449 1144 591 1169 exorsus,
609 1135 741 1175 Th3-rsis
753 1159 761 1173 ,
781 1143 835 1165 aut
850 1135 962 1165 similia
979 1146 1014 1164 ac
1029 1137 1114 1176 paria
1125 1159 1134 1171 ,
1154 1144 1208 1166 aut
1224 1147 1299 1166 con-

101 1188 195 1216 traria
207 1186 377 1216 afferendo.
392 1187 495 1216 Habet
512 1186 589 1217 adeo
607 1198 732 1218 carmen
752 1200 819 1219 non
835 1189 915 1218 nihil
935 1200 975 1219 ex
988 1189 1161 1218 dramatico
1175 1200 1298 1229 genere,

98 1253 162 1282 quo
177 1243 246 1282 ipso
259 1243 410 1280 majorem
431 1241 673 1271 delectationem
696 1242 779 1272 facit.
798 1246 919 1277 Locus,
944 1245 978 1272 in
994 1254 1059 1283 quo
1078 1243 1294 1275 consederant.

96 1303 142 1325 est
156 1295 216 1324 sub
229 1295 378 1325 umbrosa
391 1305 512 1336 quercu
521 1318 529 1332 ‚
544 1306 560 1324 a
571 1297 711 1325 Favonio
725 1296 836 1325 leviter
850 1297 971 1336 agitata,
989 1298 1071 1325 inter
1084 1307 1179 1336 apum
1192 1308 1297 1326 susur-

96 1361 164 1385 ros,
175 1351 209 1378 in
227 1350 343 1379 vicinia
360 1350 475 1379 Mincii
488 1349 591 1386 fluvii,
606 1356 637 1378 et
649 1348 779 1388 quidem
793 1360 827 1378 ea
839 1357 937 1390 parte,
954 1360 1016 1389 qua
1032 1357 1170 1379 armenta
1183 1358 1295 1390 potunt

97 1403 307 1434 ducebantur.
324 1405 426 1433 Etiam
439 1404 472 1432 in
489 1403 551 1445 hoc
566 1404 705 1432 carmine
724 1403 874 1443 putidum
891 1410 970 1433 esset
988 1403 1103 1433 referre
1123 1404 1294 1445 allegorias,

96 1468 172 1498 quas
187 1458 361 1488 commenti
381 1464 458 1486 sunt
475 1457 662 1497 interpretes
673 1479 682 1493 ‚
699 1467 772 1486 cum
791 1456 992 1489 hauddubie
1013 1457 1095 1487 njhil
1110 1458 1195 1487 aliud
1208 1469 1296 1499 spec-

98 1513 168 1541 tarit
185 1519 287 1552 poeta,
305 1521 400 1551 quam
416 1518 453 1540 ut
470 1510 508 1540 ad
525 1510 708 1540 Theocritei
722 1510 830 1550 Idylhi
847 1513 894 1540 VI
912 1512 1120 1540 imitationem
1132 1511 1213 1541 illud
1230 1523 1294 1541 car-

95 1567 188 1595 minis
202 1565 345 1594 amoehaei
358 1576 458 1606 genus
471 1566 665 1605 exprimeret
676 1588 684 1602 ‚
699 1564 786 1605 quod
804 1567 983 1595 narratione
1001 1566 1134 1603 alicujus
1149 1569 1292 1607 pastoris,

92 1622 147 1662 qui
168 1619 353 1650 interfuerat
372 1620 536 1649 certamini
548 1642 556 1656 ‚
574 1620 767 1649 continetur.
783 1621 850 1650 Nec
869 1621 1001 1650 omnino
1015 1631 1157 1661 magnam
1172 1622 1293 1650 inventi

92 1673 223 1703 laudem
238 1675 329 1704 Maro
345 1673 441 1703 habet
455 1674 489 1703 in
504 1672 566 1703 hoc
586 1674 735 1702 carmine.

273 1903 559 1939 MELIBOEUS
569 1930 578 1948 ‚
597 1905 842 1940 CORYDON
852 1931 861 1947 ‚
879 1904 1105 1939 THYRSIS.

579 2000 797 2023 MELIBOEUS.

92 2050 216 2083 FORTI-3
231 2046 302 2084 sub
320 2055 453 2096 arguta
468 2046 688 2084 consederat
704 2047 788 2083 ilice
804 2045 974 2096 Daphnis
984 2074 994 2090 ‚

137 2165 164 2183 1.
187 2155 310 2194 Arguta
326 2152 416 2188 ilice,
434 2152 497 2182 levi
513 2163 586 2182 cnm
604 2163 652 2182 sn·
707 2154 805 2189 venti,
828 2154 948 2194 agitata.
974 2154 1025 2183 Sic
1050 2154 1170 2185 Graecis
1188 2155 1282 2186 arbor

83 2210 175 2230 surro
204 2210 238 2228 ac
266 2209 449 2234 murmure,
476 2209 532 2229 seu
561 2199 652 2229 sibilo
708 2196 790 2239 ᾅδει,
806 2197 969 2241 συρίζετοιι,
984 2197 1152 2241 μελίζεται,
1168 2198 1279 2243 ψιθυρί-

1077 2263 1118 2300 3*
