1408 2428
562 57 682 86 LIBER
708 57 749 85 II.

1188 54 1250 83 285

61 120 273 170 Speluncae,
292 117 443 165 vivique
461 116 580 160 lacns;
600 123 637 149 at
658 112 794 162 frigida
815 114 973 161 Tempe,

60 180 303 229 Mngitusque
320 177 455 221 boum,
476 175 682 223 mollesque
701 173 770 209 sub
794 172 929 209 arbore
948 173 1067 209 somni
1201 183 1251 211 πο

59 244 148 279 Non
168 239 313 276 absunt.
333 237 413 274 Illic
430 236 544 273 saltus
565 248 607 271 ac
629 234 747 271 lustra
768 235 933 270 ferarum
946 261 955 278 ‚

62 303 108 338 Et
124 301 267 350 patiens
285 311 459 347 opernm,
483 297 695 345 exiguoque
717 294 872 331 adsueta
890 294 1090 344 juve11t1153

64 362 178 397 Sacra
196 359 324 403 deum,
343 358 534 406 sanctique
554 364 698 405 patre53
719 363 887 391 extrema
904 367 972 403 per
990 352 1073 390 illos

63 422 82 455 J
86 419 213 456 ustitia
229 417 411 454 excedens
433 417 543 452 terris
562 414 721 464 vestigia
739 414 837 450 fecit.

107 482 180 516 *Me
196 491 287 516 vero
305 478 469 527 primum
487 477 614 514 dulces
634 483 719 512 ante
738 474 862 511 onmia
883 475 1022 517 Musae,
1207 481 1254 512 475

65 661 149 689 viros
162 658 272 688 doctos
281 680 289 694 ,
305 656 391 697 quod
404 667 471 686 non
483 656 633 685 viderunt

67 708 114 736 Ac
132 705 165 735 h.
191 705 213 735 1.
240 715 303 734 esse
326 714 385 743 pro
408 703 543 732 formula
565 712 633 731 sen-

68 752 189 787 tentiae,
208 750 262 780 sed
282 760 355 779 cum
374 751 406 779 vi
424 750 542 789 aliqua,
561 758 635 777 con-

68 797 248 834 tinuandae,
274 803 311 825 ut
334 797 368 825 in
391 796 509 825 Grcecis
531 794 632 835 poetis

70 840 104 873 δὲ
116 866 124 880 ,
142 840 259 885 αὐτὰρ,
284 849 315 871 et
326 842 447 871 similia.
465 841 554 870 Latis
567 839 633 869 ocia

64 889 178 929 sanclis
192 900 203 918 :
219 900 285 918 non
307 887 344 917 de
360 887 534 917 latifundiis
548 886 632 927 cogi-

71 935 220 972 tandum3
241 934 295 964 sed
315 941 389 963 sunt
407 934 509 972 campi
528 940 558 962 et
574 932 635 961 col-

70 982 115 1011 les
127 981 235 1021 aperti‚
251 979 335 1010 unde
350 985 534 1019 prospectus
550 985 636 1018 patet

72 1028 147 1057 late:
158 1036 229 1067 quae
242 1036 289 1055 res
304 1025 343 1054 ad
357 1026 496 1054 animum
510 1031 540 1052 et
554 1024 638 1053 fron-

74 1081 137 1103 tem
163 1071 381 1112 explicandam
406 1079 546 1111 magnam
572 1070 639 1098 vim

73 1120 168 1149 hahet
182 1118 195 1159 (
209 1119 376 1155 Mejerotto
390 1128 421 1157 p.
440 1128 459 1156 9
472 1117 495 1155 ).
512 1132 558 1137 --
571 1117 639 1144 Loe-

74 1165 113 1196 tis
125 1166 160 1194 in
178 1163 248 1193 edd.
262 1163 405 1193 Macrob.
417 1164 463 1191 VI
475 1185 482 1199 ‚
499 1173 516 1191 2
529 1184 537 1198 ‚
554 1159 641 1200 quod.

74 1211 205 1241 Heinsio
230 1208 355 1238 arridet.
384 1210 488 1238 Laeeos
514 1206 642 1247 quidem

75 1267 221 1296 campos,
251 1265 365 1296 agros;
386 1254 510 1295 fimclos
539 1259 642 1281 autem

76 1303 158 1332 lacos
168 1301 349 1342 probandos
361 1307 440 1340 puto
450 1322 458 1335 ,
474 1300 566 1328 etiam
580 1298 643 1328 hoc

77 1358 169 1378 sensu
180 1370 188 1384 ‚
211 1353 248 1376 ut
268 1348 486 1385 sintpaterztes
500 1363 547 1367 —
565 1344 641 1383 469.

80 1396 111 1421 V
109 1393 150 1423 ivi
162 1393 266 1429 lacus,
291 1402 369 1432 aqua
382 1392 524 1431 perenni.
541 1389 642 1430 Frigi-

78 1439 121 1468 da
141 1440 274 1478 Tempe,
298 1438 456 1467 umbrosae
478 1437 582 1466 valles.
597 1453 644 1458 --

80 1491 156 1523 470.
172 1484 288 1514 flIolles
299 1483 418 1518 somni,
437 1484 540 1518 lenes,
558 1489 643 1511 tran-

79 1530 171 1571 quilli
188 1537 220 1560 et
231 1529 348 1560 dulces.
363 1530 428 1559 Ecl.
444 1531 507 1559 VII
517 1551 525 1566 ‚
543 1528 645 1564 45.—

81 1583 143 1615 471
159 1600 167 1614 ,
183 1578 221 1606 In
244 1577 339 1616 antiq.
361 1575 431 1606 edd.
460 1575 509 1604 illi
529 1581 559 1604 et
583 1574 645 1603 illis

78 1623 203 1664 legitur,
218 1629 248 1653 et
262 1624 338 1652 lVon
352 1622 473 1657 absinc;
488 1620 577 1650 illinc
586 1622 649 1649 Ve-

79 1676 132 1699 uet
144 1691 152 1706 ‚
168 1680 226 1699 nec
246 1676 276 1698 et
302 1669 401 1698 lustra
425 1667 584 1698 nonnulli.
600 1683 646 1688 —

80 1715 186 1745 Saltus
197 1716 324 1756 proprie
340 1715 378 1745 de
390 1715 524 1755 pascuis.
535 1714 647 1742 Lustra

73 1760 236 1801 ferarum,
258 1762 360 1799 silvae,
379 1762 579 1790 venationem
597 1759 648 1788 de-

79 1809 268 1849 signant.-—-
282 1814 320 1847 47
329 1818 358 1838 2.
373 1810 537 1847 Parvoque
550 1807 647 1845 scrip-

81 1855 105 1883 u·
118 1854 182 1883 fere
199 1865 308 1884 omnes
324 1861 355 1884 et
368 1853 444 1883 editi
459 1863 466 1883 ε
482 1855 645 1883 Romanus

81 1910 174 1937 vero,
194 1900 312 1930 Medic.
336 1902 448 1929 Venet.
466 1906 497 1928 et
509 1899 562 1928 alii
577 1897 645 1928 exi-

77 1957 222 1987 guoque,
245 1945 333 1986 quod
349 1952 554 1985 receperunt,
575 1950 647 1985 post

81 1993 191 2022 Heius.
217 1991 357 2022 Brunck.
383 1991 507 2022 Wakef.
526 1998 586 2021 etc.
601 2008 647 2013 —-

39 2065 48 2073 ,
85 2040 239 2079 Operum,
267 2039 325 2068 int.
356 2048 437 2078 opus
468 2038 623 2066 rusticum
636 2048 645 2073 ;

81 2085 238 2115 laboriosa
266 2085 415 2122 juventus
432 2107 440 2121 ‚
473 2084 546 2112 vitae
576 2093 647 2122 pars

82 2131 203 2161 melior.
220 2130 349 2172 Exiguo
366 2138 509 2165 assueta,
528 2136 566 2158 ut
574 2139 649 2168 par-

82 2188 128 2208 νο.
151 2177 269 2209 Tibull.
295 2180 330 2215 Ι,
364 2187 376 2207 1
391 2199 400 2215 ,
427 2177 468 2206 25
485 2182 650 2206 concentus

685 653 792 683 vivere
802 663 913 693 parvo.
925 669 971 674 —
983 658 1021 690 47
1031 652 1058 680 3.
1080 651 1149 680 Illic
1164 661 1256 679 sacra

687 700 802 735 denrn;
826 699 892 728 scil.
919 705 1024 727 sancta
1051 704 1124 726 sunt
1147 703 1178 726 et
1201 696 1255 726 ha-

688 746 823 781 beatur,
855 752 891 774 ut
917 745 1043 774 Servius
1060 753 1066 772 :
1082 743 1143 772 hoc
1168 743 1256 779 vult,

689 803 774 822 sacra
791 791 836 820 ibi
862 798 944 819 caste
960 790 1039 826 coli3
1067 789 1132 818 illic
1160 790 1258 829 pieta-

687 845 750 868 tem
759 845 790 867 et
800 844 918 866 metum
928 836 1061 866 deornm
1071 846 1146 865 esse.
1160 837 1258 864 Sanc-

687 884 712 914 ti
728 891 802 913 sunt
812 891 920 923 pact-es
931 905 939 919 ‚
965 881 1159 911 venerabiles
1170 903 1178 917 ‚
1202 882 1258 921 qui

687 937 793 960 sancte
809 940 843 958 ac
863 930 913 969 pie
930 928 1091 958 coluntur.
1117 928 1185 957 Nisi
1210 937 1257 956 ar-

689 977 795 1018 gutius
813 975 877 1004 haec
893 975 976 1004 dicta
990 974 1078 1003 malis
1093 982 1100 1002 z
1118 973 1188 1002 Illic
1204 972 1256 1002 de-

690 1033 779 1052 mum
794 1032 879 1050 sacra
901 1032 972 1050 vere
996 1030 1082 1049 sacra
1106 1019 1185 1060 (pro
1210 1029 1256 1048 sa-

693 1070 753 1097 cris
775 1078 848 1096 vere
865 1066 991 1106 habita)
1015 1072 1109 1102 suut,
1128 1065 1193 1094 illic
1211 1076 1258 1094 se-

693 1124 771 1142 num
796 1113 941 1142 sanctitas
969 1113 1091 1141 visitur.
1115 1129 1160 1133 ——
1183 1117 1258 1148 474.

696 1161 727 1187 V
725 1158 835 1199 estiglzz
838 1158 918 1200 figit
933 1157 1111 1196 Cantabrig.
1132 1164 1168 1186 ut
1190 1159 1260 1187 AEn.

696 1206 743 1233 VI
754 1227 762 1239 ‚
793 1205 866 1243 159.
882 1221 926 1226 —
941 1205 1099 1232 Extrema
1116 1212 1176 1241 per
1191 1201 1263 1231 illos

695 1249 940 1290 vestigiafhcz't,
968 1259 1042 1277 cum
1061 1248 1179 1276 scilicet
1198 1248 1261 1285 jam

696 1296 797 1324 multo
820 1303 890 1324 ante
910 1294 994 1324 aulas
1016 1300 1047 1324 et
1067 1294 1179 1333 palatia
1192 1293 1264 1322 bea-

696 1348 803 1370 torusn
835 1341 1020 1380 reliquisset.
1058 1339 1132 1369 Vid.
1172 1341 1261 1368 Arat.

696 1387 802 1417 Phaen.
826 1397 887 1416 100
908 1397 974 1426 sqq.
990 1388 1166 1425 Supersunt
1182 1386 1264 1413 inter

698 1440 830 1474 agrestes
852 1433 981 1473 vestigia
1004 1432 1114 1472 priscae
1135 1431 1264 1469 justitiae

699 1486 729 1509 et
743 1480 943 1509 innocentiae.

747 1526 822 1562 475.
849 1526 902 1554 Me
925 1535 1006 1554 vero
1022 1523 1146 1564 privum
1171 1524 1265 1553 male-

698 1571 753 1601 bat
770 1570 875 1602 Reisk.
894 1571 927 1602 h.
946 1582 972 1601 e.
1000 1569 1096 1600 ineis-a
1117 1567 1171 1600 καὶ
1190 1566 1265 1599 ἴδιον

700 1617 834 1652 ἑαυταῖς.
858 1635 906 1640 --
937 1617 1002 1654 475
1024 1634 1070 1639 --
1093 1617 1169 1655 489.
1200 1617 1267 1647 Pri-

700 1675 806 1699 mum,
835 1671 905 1694 ante
924 1664 1047 1700 omnia,
1067 1662 1179 1692 studiis
1196 1662 1266 1702 phi-

699 1710 851 1750 Iosophiae
869 1721 904 1739 ac
919 1702 1040 1739 naturae
1056 1715 1268 1738 consecratam

699 1757 795 1786 vitam
821 1767 910 1797 agere
934 1766 966 1785 se
986 1756 1066 1785 velle
1091 1756 1154 1791 ait,
1182 1754 1269 1794 quod

701 1804 727 1832 si
750 1814 817 1833 non
839 1803 983 1837 licuerit,
1013 1809 1044 1831 at
1068 1808 1150 1830 certe
1177 1802 1268 1830 rusti-

700 1860 778 1880 cam.
805 1851 946 1888 Utraque
975 1849 1059 1877 enim
1089 1848 1152 1876 vita
1178 1846 1267 1876 beata

700 1903 731 1925 et
747 1895 953 1935 exoptabili53
974 1901 1038 1933 490
1055 1904 1123 1933 sqq.
1142 1892 1268 1922 alterius

701 1949 805 1971 tamen
827 1941 947 1970 deliciis
974 1951 1009 1969 ac
1034 1940 1126 1969 honis
1153 1939 1269 1968 descri-

701 1988 813 2017 bendis
821 1988 1018 2016 immoratur.
1030 1986 1191 2025 Expressit
1202 1985 1269 2014 haec

702 2041 812 2064 auctor
838 2034 961 2074 Dialogi
985 2032 1023 2061 de
1050 2034 1175 2062 Orator.
1201 2042 1269 2072 cap.

707 2082 744 2111 13
757 2103 765 2118 ,
785 2080 882 2120 digno
894 2102 902 2117 ‚
920 2080 975 2119 qui
992 2084 1208 2118 comparetur,
1228 2078 1271 2107 lo-

703 2138 751 2157 co.
785 2127 909 2157 Semina
938 2125 1164 2155 sententiarum
1190 2125 1271 2163 jacta

699 2174 763 2213 jam
787 2172 891 2203 videas
909 2173 944 2203 in
962 2170 1110 2203 Axiocho
1126 2171 1248 2202 Platoni
1263 2193 1272 2207 ,
