1408 2428
569 84 738 114 ECLOGA
763 72 820 114 Vls
1250 89 1289 118 853

98 145 156 180 Ne
173 142 256 191 quis
273 142 319 178 sit
335 142 457 186 lucus,
476 153 552 189 quo
571 154 609 178 se
627 141 709 190 plus
721 143 835 192 jactet
853 143 1001 192 Apollo

95 201 198 247 Quid
213 203 362 251 loquar,
379 209 420 237 ut
436 201 596 249 Scyllam
613 201 714 247 Nisi,
731 215 844 251 quam
861 202 957 238 fama
975 211 1133 251 sequuta
1150 212 1222 249 est,

93 261 261 297 Candida
277 261 502 298 succinctam
518 261 743 298 latrantibus
760 262 914 311 inguina
929 262 1104 299 monstris

92 321 285 357 Dulichias
301 335 454 358 vexasse
471 329 568 358 rates
575 350 585 369 ,
604 331 641 359 ct
656 322 804 372 gurgite
820 323 858 359 in
875 323 950 358 alto

91 454 138 475 est
155 446 236 476 illud
251 447 365 490 infime
379 444 449 479 E‘cl.
471 451 518 485 X,
540 450 581 478 50
596 449 662 486 Ibo,

91 499 122 521 et
141 491 323 522 Chalcidico
337 506 408 534 qna?
417 502 490 523 sunt
499 494 577 523 mihi
588 505 662 523 con-

90 537 158 568 dita
167 549 261 568 versu
276 540 438 570 Carmina.
451 542 482 569 Si
493 547 606 576 tamen,
617 542 662 570 in-

89 590 263 624 terpretum
288 587 374 615 nulla
393 587 514 615 ratione
533 586 657 622 habita,

89 630 183 659 verba
206 631 270 671 ipsa
289 634 378 671 sequi
396 633 431 661 in
452 633 592 661 animum
613 634 660 661 in-

88 674 233 711 duxeris,
252 678 336 706 nihil
351 678 435 707 aliud
455 678 518 707 dici
533 678 638 707 videas
649 701 656 712 ‚

88 731 200 760 quam,
226 724 340 752 Linum
368 723 505 754 fistulam
529 724 661 754 Hesiodi

89 767 182 797 Gallo
195 767 325 805 dedisse,
345 781 410 809 quo
428 771 594 810 Gryneum
608 781 661 799 ne-

89 823 159 842 mus
189 822 336 844 cantaret.
365 818 439 854 Quo
464 815 544 844 nihil
573 815 659 844 aliud

88 858 257 900 significari
273 867 391 900 potest,
409 871 513 900 quam,
532 861 657 890 Gallum

89 912 142 934 aut
159 907 297 935 carmine
308 912 453 935 tractasse
470 906 607 935 fabulam
620 906 659 936 ab

92 951 228 981 Hesiodo
266 953 301 980 in
335 959 422 992 parte
461 953 563 993 aliqua
599 955 658 982 τῶν

90 995 180 1029 ήοιῶν
211 1005 428 1033 memoratam,
461 996 574 1028 athd
597 1001 658 1029 He-

90 1042 171 1072 siodi
191 1044 399 1074 imitationem
420 1056 475 1074 seu
502 1047 660 1086 scripsisse

90 1099 146 1118 seu
179 1089 328 1120 molitum
361 1101 426 1120 esse
463 1102 560 1131 opus,
595 1102 659 1132 quo

89 1136 208 1165 oraculi
251 1137 373 1177 Grynei
408 1144 462 1167 aut
501 1138 659 1178 Apollinis

89 1181 211 1221 Grynei
229 1181 344 1212 fabulae
367 1194 423 1212 seu
445 1183 584 1213 historiae
604 1194 658 1213 ex<

88 1234 293 1266 ponerentur.
310 1228 483 1259 Praebuisse
493 1237 596 1260 autem
610 1240 659 1260 eas

87 1273 160 1302 satis
190 1276 326 1304 materiae
357 1275 395 1304 ad
427 1286 553 1306 carmen
584 1287 658 1306 con-

86 1317 226 1349 dendum
245 1320 364 1352 discere
381 1322 455 1352 licet
473 1333 513 1352 ex
525 1324 573 1358 iis,
588 1333 659 1362 quae

86 1365 120 1393 in
146 1367 302 1396 Servianis
332 1367 370 1397 ad
394 1378 424 1397 v,
456 1379 495 1405 72
518 1369 660 1408 exposita

85 1417 169 1440 sunt.
188 1413 236 1441 De
258 1413 372 1452 Gryno
386 1414 544 1453 Eurypyli
562 1413 596 1448 f.‚
621 1412 660 1442 de

86 1458 235 1496 Pergamo
256 1458 456 1498 Neoptolemi
480 1465 511 1488 et
536 1458 661 1489 Andro-

85 1502 208 1533 maches
218 1502 285 1533 filio
293 1527 301 1541 ‚
310 1504 348 1534 de
357 1504 524 1535 Calchante
531 1511 561 1534 et
570 1506 661 1545 Mop-

83 1558 135 1584 so,
151 1548 190 1578 cf.
208 1551 282 1580 Not.
305 1550 343 1579 ad
364 1550 514 1591 Apollod.
529 1562 561 1591 p.
579 1551 656 1582 655.

83 1611 129 1617 —-·
144 1595 198 1632 73.
213 1597 265 1625 Ne
281 1596 352 1636 quis
366 1597 408 1626 sit
430 1597 527 1634 lucus,
544 1608 606 1637 quo
625 1608 658 1627 se

76 1641 152 1680 plns
158 1640 265 1682 jactet
280 1643 418 1682 Apollo;
434 1642 522 1683 quod
536 1644 656 1684 simpli-

83 1688 151 1717 cius
168 1688 348 1719 callimach.
365 1691 399 1719 in
419 1689 488 1719 Del.
517 1690 582 1729 269
608 1689 655 1720 οὐ·

83 1729 121 1762 δέ
136 1744 180 1768 τις
198 1731 275 1767 ἄλλη
294 1734 418 1766 Γαιάων
437 1732 581 1767 τοσσόνδε
598 1736 655 1779 θεῷ

82 1777 287 1821 πεφιλήσεται
317 1779 413 1825 ἄλλῳ.
445 1799 490 1805 ——-
509 1783 578 1812 Nec
603 1783 659 1823 qni

83 1825 124 1855 sit
131 1827 218 1856 lucus
231 1828 381 1858 Rottend.
394 1835 425 1858 et
437 1829 568 1859 Mentel.
581 1830 657 1858 alter

83 1882 100 1900 a
121 1882 162 1902 m.
179 1883 228 1912 pr.
242 1883 304 1912 quo
317 1874 392 1913 plus
405 1885 437 1903 se
450 1877 532 1905 Ven.
552 1882 583 1904 et
594 1877 656 1905 Zu-

82 1917 158 1947 lich.
176 1928 249 1947 cum
262 1919 359 1950 Goth.
376 1931 424 1960 pr.

132 1970 185 2001 74.
214 1963 301 2003 Quid
313 1965 428 2006 loquar
443 1974 500 1995 aut
518 1966 657 2004 Scyllam

82 2016 142 2040 etc.
162 2010 212 2040 Sic
235 2009 322 2040 Med.
341 2022 416 2040 cum
434 2012 501 2041 aliis
518 2017 581 2041 vet.
598 2013 658 2041 sie-

83 2066 144 2096 que
172 2055 242 2085 edd.
275 2056 370 2086 Aldd.
404 2068 452 2097 pr.
485 2065 516 2087 et
539 2068 599 2088 sec.
629 2065 659 2088 at

82 2103 218 2142 Nuuger.
248 2102 283 2131 in
316 2104 405 2133 tertia
424 2103 602 2133 emendavit
625 2112 660 2133 ut

31 2175 41 2183 ,
85 2148 225 2187 Scyllam
243 2159 255 2177 .·
270 2156 379 2190 estque
398 2151 426 2179 ei
441 2150 573 2180 lectioni
586 2161 658 2179 auc—

82 2196 191 2224 toritas
209 2206 225 2225 e
245 2194 314 2225 cod.
333 2199 425 2226 Rom.
441 2191 471 2226 et
485 2196 655 2238 suffragan-

718 456 770 478 tur
791 450 850 478 viri
869 449 964 479 docti.
990 453 1089 480 Fuere
1108 454 1163 492 qui
1183 463 1287 483 emen-

717 494 825 524 darent
835 495 919 535 apud
931 497 1127 527 Tauhmann.
1144 509 1187 527 an
1205 500 1288 537 Scyl-

716 540 781 569 lam
797 540 861 570 nisi
878 552 921 569 an
937 553 1044 580 quam.
1062 561 1107 565 —-
1124 545 1225 572 Fama
1242 545 1286 573 lo-

714 593 813 625 quuta
837 595 884 615 esc
906 594 966 616 tres
991 588 1075 627 apud
1090 590 1209 625 Burin„
1233 590 1286 619 sed

714 632 793 661 male
812 639 883 673 post
906 633 986 672 quid
1006 634 1128 673 loquar.
1148 652 1193 657 —
1215 638 1286 665 Per-

713 679 758 719 git
779 689 1022 708 commemorare
1047 680 1155 710 Silenii
1174 683 1285 710 carmi-

714 725 761 753 nis
777 732 1007 765 argumentum,
1028 736 1093 755 non
1117 726 1199 756 Galli
1217 738 1286 756 ver-

712 780 805 798 suum
827 782 834 806 ;
868 770 1028 799 brevitatis
1050 778 1152 800 autem
1179 773 1285 802 studio

712 815 843 844 strictim
870 822 992 844 tantum
1015 817 1134 846 fabulas
1155 828 1284 856 percen-

713 866 768 890 set.
793 860 877 900 Quid
897 862 1025 901 loquar,
1055 869 1091 892 ut
1115 866 1285 893 narraverit

713 906 860 946 Scyllam,
871 914 925 936 aut
937 914 974 937 ut
983 910 1118 938 Tereum
1129 917 1283 939 mutatum

713 954 896 990 narraverit,
912 953 944 982 h.
957 953 1076 984 fabulas
1086 955 1123 984 de
1140 956 1242 995 scylla
1256 964 1285 986 et

713 1000 823 1029 Tereo.
839 999 974 1040 Scyllam
993 1011 1079 1030 nunc
1103 1001 1177 1030 facit
1194 1009 1284 1041 poeta

714 1045 781 1074 Nisi
802 1045 899 1075 filiam
912 1068 919 1082 ‚
937 1056 1008 1085 quae
1024 1047 1090 1076 aliis
1111 1049 1212 1088 poetis
1228 1048 1287 1077 alia

713 1101 747 1119 ae
762 1091 885 1121 diversa
900 1099 955 1127 est,
975 1092 1089 1123 Phorci
1103 1093 1231 1134 quidem
1247 1093 1282 1122 fi-

713 1136 762 1167 lia.
774 1149 803 1167 v.
816 1140 890 1168 Var.
902 1140 985 1168 Lect.
1002 1140 1050 1168 De
1060 1140 1192 1179 Ulyssis,
1205 1139 1281 1169 <lum

711 1184 1026 1223 praeterveherentur‚
1042 1187 1134 1215 sociis
1149 1196 1164 1214 a
1180 1186 1281 1226 Scylla

712 1229 868 1260 devoratis
882 1237 957 1260 nota
966 1230 1080 1261 fabula.
1092 1231 1156 1261 vid.
1168 1231 1281 1271 Odyss

713 1287 753 1317 μ,
775 1277 906 1306 265.»-·
927 1277 1029 1316 Quam
1039 1277 1138 1317 fama
1152 1284 1282 1317 sequuta

713 1329 769 1358 est,
788 1322 890 1362 simpl.
907 1332 1002 1361 quarn
1020 1322 1137 1359 ferunt,
1157 1323 1280 1364 μυθοῦν-

712 1377 764 1396 ται
777 1368 953 1407 (expressit
974 1378 1045 1398 voc,
1068 1366 1168 1408 φάτις,
1186 1366 1281 1410 φήμη,

713 1423 772 1452 pro
802 1413 915 1454 μῦθος,
939 1412 1085 1453 fabula),
1116 1413 1283 1443 habentem

714 1459 844 1499 inguina
866 1460 1026 1488 succincta
1043 1459 1173 1488 canibus
1191 1460 1283 1488 mari-

714 1505 762 1533 nis
777 1527 785 1539 ,
805 1515 844 1533 ex
866 1505 937 1534 alvo
955 1506 1021 1542 ejus
1033 1504 1282 1545 prodeuntibus.

714 1551 871 1580 infestasse
882 1551 1003 1590 Ulyssis
1017 1561 1130 1580 navem
1140 1557 1171 1580 et
1183 1552 1284 1580 socios

710 1597 777 1634 ejus
787 1596 959 1626 devorasse.
968 1598 1103 1626 Versum
1117 1608 1131 1634 7
1140 1597 1169 1632 5,
1184 1603 1214 1625 et
1224 1597 1283 1626 for-

710 1653 794 1672 mam
818 1649 1026 1672 monstrosam
1053 1642 1166 1683 Scyllae
1196 1643 1283 1672 illus-

710 1696 794 1718 trant
814 1690 923 1725 numi,
940 1699 1070 1730 gemmae
1094 1695 1125 1717 et
1140 1689 1198 1717 alia
1220 1699 1284 1717 mo—

710 1742 871 1766 numenta.
891 1736 962 1766 Alia
980 1747 1010 1765 V.
1032 1736 1069 1763 in
1084 1736 1231 1764 Excursu
1246 1734 1283 1763 ad

708 1781 741 1811 h.
758 1781 780 1811 l.
806 1799 852 1804 --
869 1782 920 1820 76.
944 1783 1085 1810 Vexasse
1098 1803 1107 1816 ,
1137 1779 1283 1809 habuisse

709 1827 771 1857 hoc
795 1827 989 1857 vocabulum
1020 1826 1128 1867 paullo
1158 1826 1284 1863 majoris

711 1874 881 1903 atrocitatis
901 1872 1112 1913 significatum
1132 1870 1217 1912 apud
1231 1882 1283 1900 ve-

712 1927 792 1949 teres
815 1919 1033 1954 contendunt,
1061 1925 1093 1948 et
1108 1917 1284 1947 defendunt

712 1965 893 2006 Virgilium,
912 1964 1033 1994 Gellius
1054 1965 1094 1995 N.
1121 1965 1160 1993 A.
1184 1965 1235 1999 H,
1251 1963 1281 1992 6.

712 2011 856 2041 Macrob.
875 2012 922 2040 VI
933 2034 940 2048 ,
964 2021 993 2048 7.
1010 2012 1095 2047 Serv.
1123 2020 1163 2039 ex
1178 2008 1283 2039 Probo

711 2056 742 2086 h.
757 2057 779 2087 l.
798 2056 935 2087 Videtur
955 2064 1055 2097 poetae
1080 2057 1184 2085 animo
1198 2056 1282 2084 inse—

711 2103 792 2132 disse
815 2105 1022 2133 Homericum
1045 2100 1205 2140 βλάπτειν.
1224 2101 1283 2130 Ca-

711 2160 766 2179 nes
789 2149 917 2179 marini.
942 2149 1005 2179 vid.
1025 2150 1059 2178 in
1073 2150 1218 2184 Excursu
1245 2147 1282 2177 ad

709 2195 740 2225 h.
757 2207 787 2225 v.
799 2214 845 2218 -—
857 2196 988 2237 Gurgite
1001 2202 1095 2224 vasto
1111 2193 1205 2223 Goth.
1221 2203 1281 2222 sec.
