1408 2428
587 92 709 122 LIBER
735 92 759 121 Ι.

1222 89 1283 126 ¹59

89 153 123 188 N
126 164 167 187 ec
178 160 301 187 tamen
311 179 321 196 ,
338 150 418 187 haec
433 161 550 199 quum
561 148 634 185 sint
644 148 916 197 hominumque
927 147 1120 196 boumque
1135 145 1286 182 labores

90 209 285 247 Versando
303 219 441 247 terram
458 209 623 259 experti,
639 208 734 244 nihil
750 207 934 257 inprobus
950 219 1078 253 anser,

90 271 391 321 Strymoniaeque
408 283 539 321 grues,
556 278 593 306 et
609 269 745 306 amaris
761 268 895 305 intuba
910 267 1015 304 fibris
1241 283 1286 298 120

90 332 291 378 Officiunt,
308 340 372 368 aut
387 330 523 367 umbra
539 339 661 367 nocet.
685 333 795 366 Pater
811 330 890 378 ipse
907 327 1054 365 colendi

90 392 203 430 Haud
219 392 365 429 facilem
382 404 460 428 esse
482 391 582 428 viam
603 391 743 435 voluit,
759 390 980 439 primusque
997 401 1065 438 per
1082 396 1198 424 artem

90 453 213 490 Movit
229 465 357 503 agros,
376 453 477 489 curis
494 465 630 489 acuens
647 450 820 488 mortalia
838 448 971 495 corda;
1008 450 1015 455 ’

90 515 168 550 Nec
185 522 334 563 torpere
351 513 457 563 gravi
472 525 604 561 passus
622 525 689 550 sua
704 524 821 561 regna
835 519 1002 547 veterno.

143 695 154 713 1
167 695 178 713 1
187 684 216 713 8.
229 684 297 713 Nec
307 691 451 713 tamen...
464 681 554 713 nihil.
566 682 662 712 Vides

90 731 257 759 transitum
275 729 313 758 ad
327 729 418 758 aliam
440 738 524 759 rem:
542 739 577 758 ea
591 739 663 769 quae

92 782 228 805 noceant
242 777 349 816 segeti.
371 777 539 816 Comparat
554 776 662 804 locum

92 822 230 851 Lucretii
245 824 273 851 V
285 845 293 858 ,
310 833 326 851 2
337 833 347 851 1
357 829 374 857 4
391 833 458 861 sqq.
476 821 662 851 Macrobius

92 869 156 903 VI,
181 878 198 896 2
216 874 295 897 extr.
315 870 424 907 Quum
444 867 586 896 homines
606 867 662 896 bo-

92 924 206 953 vesque
230 915 352 955 experti
367 915 430 942 sint
453 913 520 942 haec
536 914 657 951 omnia,

92 959 243 989 versando
259 966 372 989 terram
383 983 391 997 ,
406 959 542 989 multum
558 966 661 989 tamen

92 1004 238 1035 officiunt
256 1027 264 1042 ‚
289 1005 406 1035 obsunt
426 1029 434 1043 ‚
464 1016 596 1036 anseres·
615 1024 661 1029 -—

98 1063 107 1079 1
122 1063 171 1091 ις).
194 1052 364 1092 InprobuS,
384 1052 579 1088 insatiabilis,
595 1064 627 1082 ai
635 1054 661 1083 i-

92 1097 161 1135 dus,
179 1105 209 1127 et
222 1098 283 1128 hoc
298 1099 367 1138 ipso
383 1100 509 1128 noxius.
526 1099 661 1137 Scilicet,

94 1150 128 1172 ut
141 1151 212 1183 post
224 1146 324 1174 varias
336 1146 479 1175 virorum
494 1145 662 1175 doctorum

91 1189 317 1229 disputationes
345 1192 441 1221 semel
469 1199 635 1221 moneatur
653 1202 660 1222 :

85 1236 220 1275 probum
235 1243 280 1266 est
298 1237 331 1266 id
342 1260 350 1274 ‚
373 1237 460 1278 quod
483 1239 662 1268 verecunde

89 1281 147 1319 fit,
174 1284 255 1312 intra
278 1283 409 1313 modum
432 1291 493 1321 est,
520 1285 663 1314 modera-

90 1333 157 1357 tum
166 1339 174 1365 ;
190 1328 331 1369 adeoque
344 1331 464 1368 justum
475 1353 483 1367 ,
499 1331 661 1360 modicum

90 1384 226 1412 aequum.
246 1376 416 1414 Inprobum
432 1383 537 1406 autem
549 1400 557 1413 ,
573 1377 661 1416 quod

91 1420 223 1461 modum
248 1428 279 1450 et
302 1432 481 1450 mensuram
510 1422 635 1451 excedit
651 1445 659 1459 ‚

91 1465 233 1505 adeoque
263 1467 471 1496 immodicum
490 1490 499 1504 ,
525 1469 660 1507 nimium

90 1512 253 1551 iniquum,
274 1513 444 1550 injustum,
464 1514 559 1542 nimis
576 1524 659 1555 mag-

89 1567 178 1594 num,
193 1565 223 1588 et
236 1560 367 1588 omnino
381 1570 529 1599 magnum
541 1582 548 1596 ,
573 1570 661 1600 gran-

89 1603 145 1640 de,
159 1604 325 1634 vehemens
340 1614 347 1634 :
362 1606 445 1635 conf.
458 1606 497 1635 ad
509 1609 579 1636 AEn.
595 1608 658 1643 lx,

90 1650 143 1679 62.
174 1651 224 1680 Sic
247 1647 386 1686 ἀναιδὴς.
406 1668 452 1674 ——-
473 1663 546 1682 120.
574 1653 660 1691 Stry-

90 1695 207 1725 moniae
229 1707 340 1738 grues,
366 1708 382 1727 a
416 1698 533 1727 Graecis
559 1699 661 1738 poetis

88 1742 275 1781 profectum.
313 1745 337 1773 E
370 1743 512 1774 Thraciae
540 1744 660 1774 finibus

89 1789 179 1826 cujus
198 1789 317 1819 flumen
335 1791 499 1829 Stry-mon,
524 1792 660 1821 veniunt

89 1844 180 1874 grues
205 1836 240 1865 in
265 1837 437 1874 Graeciam,
463 1848 536 1867 cum
556 1837 659 1867 hieme

89 1880 254 1921 ingruente
269 1883 413 1922 migrant.
426 1884 572 1913 lumbum
584 1896 600 1913 e
616 1885 659 1913 ci-

90 1926 278 1956 choi-eorum
303 1938 434 1968 genere,
464 1931 634 1959 erraticum
649 1952 656 1966 ‚

90 1971 178 2002 libris
191 1983 246 2001 seu
255 1973 396 2003 radicum
406 1976 536 2004 minutis
547 1975 608 2005 filis
619 1976 659 2004 la-

90 2026 120 2048 te
129 2029 273 2059 se1pens;
284 2019 428 2060 Theoph.
436 2022 516 2050 Hist.
528 2022 574 2052 Pl.
584 2023 657 2058 V‚11

96 2075 107 2093 ι
120 2075 131 2093 1
150 2075 184 2094 το
196 2063 392 2107 zixoipiov*
401 2063 532 2108 παραολ
534 2077 657 2097 αστικον

92 2106 126 2140 δὲ
143 2121 197 2141 και
210 2113 248 2152 τῇ
264 2110 291 2153 ῥ’.
283 2109 328 2152 ἷζῃ
344 2109 511 2147 καὶᾶλςλω
525 2111 659 2155 (azgad-(3-

94 2155 182 2195 ῥιζον·
208 2154 255 2187 διο
279 2155 333 2188 καὶ
359 2154 526 2202 δυσωλεθεν
515 2170 557 2189 οι·
584 2159 656 2190 ὅταν

91 2200 152 2246 γὰρ
191 2203 243 2235 ἐκλ
246 2203 453 2244 αχανίζωντα.
465 2229 473 2245 ,
501 2203 576 2236 ποί)
573 2217 594 2236 ,ν
622 2217 655 2236 το

715 679 882 711 ὑπόλοιπον
904 678 1002 723 ἀρχὴν
1022 676 1178 722 λαμέοίνει
1202 679 1287 723 γενέ-

715 739 800 763 σεως.
818 730 892 758 Non
917 727 1013 757 modo
1036 727 1185 756 horteuse
1201 726 1289 766 quod

715 775 772 804 inf.
790 777 855 809 IV,
882 785 942 803 120
957 797 965 810 ‚
991 773 1083 802 nobis
1105 772 1285 808 Enclivien,

714 821 767 849 sed
782 827 812 850 et
826 821 967 849 silvestre
980 829 1079 859 genus
1098 826 1144 848 est
1166 817 1268 861 πικρίς
1281 843 1289 855 ‚

714 866 852 903 dictum3
870 865 954 895 idem
974 872 1215 906 prosequuntur
1236 876 1290 894 an-

714 923 796 942 seres
810 920 841 942 et
856 913 923 941 aliae
937 923 967 941 ax
976 923 1008 941 es
1020 911 1210 942 domesticae.
1224 912 1289 942 vid.

716 959 840 989 Colum.
863 961 959 996 vlu,
989 965 1044 995 14,
1071 969 1100 988 2.
1117 975 1163 980 —
1182 957 1291 987 Intiba

715 1006 858 1046 plerique
876 1014 883 1034 :
901 1005 1010 1043 intyba
1026 1005 1096 1035 alii:
1115 1004 1225 1034 intuba
1238 1015 1290 1034 an-

716 1053 836 1092 tiquior
853 1053 1019 1092 scriptura.

768 1109 842 1129 121.
854 1101 924 1129 Jam
940 1099 1099 1139 principio
1116 1109 1221 1128 rerum
1238 1109 1290 1127 na-

717 1152 788 1174 tura
810 1147 852 1174 ita
877 1146 1088 1175 constitutum
1103 1152 1167 1181 est,
1194 1152 1229 1174 ut
1247 1145 1291 1174 dii

717 1191 858 1221 vendant
880 1202 936 1221 sua
960 1192 1045 1221 bona
1068 1191 1188 1221 labore.
1216 1192 1291 1221 Nou

716 1239 855 1267 invitum
880 1238 1030 1268 lectorem
1058 1237 1098 1266 ad
1127 1237 1291 1278 digressio—

717 1293 789 1313 nem
811 1284 893 1313 hanc
921 1284 997 1313 duci
1024 1283 1195 1323 intelligis:
1210 1283 1292 1312 redit

717 1330 756 1358 ad
771 1331 971 1370 propositum
987 1341 1017 1359 v.
1038 1330 1112 1366 150,
1133 1330 1208 1358 155
1226 1329 1291 1358 Ad-

716 1376 811 1404 umbi
813 1383 881 1404 ‘ntus
896 1376 986 1404 locus
1006 1386 1045 1404 ex
1062 1374 1193 1404 Hesiodi
1210 1368 1289 1419 Εργ.

718 1427 758 1456 42
789 1432 874 1461 seqq.
901 1423 1054 1452 Nostrum
1082 1428 1154 1451 ante
1179 1422 1290 1452 oculos

715 1466 828 1496 habuit
859 1468 971 1498 Manil.
998 1469 1013 1496 I
1032 1490 1040 1503 ‚
1075 1479 1116 1507 79
1145 1478 1230 1507 seqq.
1259 1476 1291 1498 et

716 1513 909 1542 Claudianus
918 1508 1073 1550 XXXVI,
1089 1524 1130 1543 20
1149 1524 1216 1554 sqq.
1235 1516 1288 1545 31.

713 1576 760 1582 -—
778 1560 852 1589 123.
873 1560 1040 1589 Tribuitur
1061 1561 1151 1590 Jovis
1173 1562 1266 1599 jussis
1281 1585 1290 1598 ‚

715 1604 802 1644 quod
820 1605 879 1634 sub
897 1607 964 1644 ejus
979 1607 1113 1646 imperio
1132 1608 1264 1648 contigit
1281 1618 1289 1638 ε

715 1651 905 1682 stimulando
922 1653 1018 1692 igitur
1033 1652 1201 1682 hominum
1219 1655 1288 1683 ani-

715 1708 784 1726 mos
801 1699 904 1734 curis,
931 1698 1031 1728 Movit
1053 1709 1164 1740 agros,
1184 1699 1216 1728 h.
1243 1700 1286 1729 fe-

715 1745 758 1773 cit
775 1746 916 1781 moveri,
945 1746 1045 1782 arari,
1071 1746 1286 1776 necessitatem

714 1790 840 1820 colendi
858 1792 1019 1831 imposuit.

764 1843 837 1873 124.
867 1839 932 1866 Sua
964 1848 1085 1879 regna,
1119 1838 1264 1869 homines
1278 1860 1286 1875 ‚

712 1882 829 1922 quibus
850 1884 1042 1924 imperabat,
1062 1886 1118 1924 qui
1137 1885 1287 1915 vivebant

711 1929 770 1958 sub
803 1931 894 1959 Joxis
927 1940 1035 1969 regno.
1065 1947 1110 1953 —-
1152 1939 1287 1961 veterno

711 1985 770 2014 pro
788 1976 913 2015 ignavia
926 1998 934 2012 ,
953 1977 1076 2006 inertia.
1096 1976 1147 2017 [V
1144 1985 1286 2007 eternum

712 2021 830 2060 quippe
871 2021 1003 2051 morbus
1044 2029 1092 2052 est
1122 2029 1285 2064 stuporem

711 2066 866 2096 inducens
881 2090 890 2105 ‚
926 2075 989 2097 tam
1029 2069 1127 2098 animi
1144 2092 1152 2107 ‚
1190 2081 1285 2110 quam

711 2113 938 2144 membrorum.
973 2116 1004 2144 A
1042 2123 1135 2146 vetus
1149 2139 1159 2152 ,
1194 2119 1284 2155 Juxta

710 2160 859 2191 Priscian.
886 2161 960 2202 quia
984 2161 1070 2191 labes
1094 2169 1140 2192 est
1162 2163 1283 2193 invete-

711 2205 804 2246 rata]
