1377 2428
551 122 671 152 LIBER
696 122 754 151 111.
800 123 801 126 ’

1171 122 1231 150 331

50 180 234 229 Longius,
255 193 301 217 cx
317 180 467 229 altoque
483 178 606 216 sinum
622 179 755 227 trahit3
774 187 890 228 utque
907 178 1058 216 volutus

50 239 110 276 Ad
129 248 263 287 terras,
280 240 440 276 immane
456 247 563 276 sonat
578 252 646 289 per
665 253 771 286 saxa,
787 252 909 289 neque
930 239 1012 289 ipso

51 301 181 335 Monte
196 299 319 335 minor
335 299 551 349 procumbit
567 309 625 337 :at
641 299 715 336 ima
731 309 910 337 exaestuat
930 298 1030 336 unda
1188 310 1235 335 240

51 360 286 407 Vorticibus,
304 360 524 410 nigramque
544 360 616 397 alte
631 360 816 411 subjectat
838 373 1001 397 arenam.

104 422 225 457 Omne
245 420 338 457 adeo
360 434 476 470 genus
495 420 535 457 in
556 420 665 458 terris
685 421 957 470 hominumque
975 420 1235 468 ferarumque,

53 482 99 516 Et
115 493 230 530 genus
246 494 481 530 aequoreum,
500 481 680 531 pecudes,
700 481 886 531 pictaeque
901 481 1073 518 volucres
1084 509 1093 527 ‚

54 542 95 575 In
117 540 231 577 furias
247 540 445 590 ignemque
464 550 579 578 ruunt
597 555 605 577 :
623 553 729 578 amor
751 541 926 579 omnibus
943 541 1054 578 idem.

53 601 239 650 Tempore
253 613 329 637 uon
344 601 416 637 alio
434 601 642 638 catulorum
659 600 776 638 oblita
791 601 908 638 leaena
1189 608 1235 635 245

55 660 199 696 Saevior
219 661 358 697 erravit
376 661 531 710 campi53
553 675 621 698 nec
642 662 774 698 funera
790 661 903 711 volgo

55 721 148 755 Tam
168 721 283 757 multa
298 721 476 759 informes
494 722 572 759 ursi
588 730 825 772 stragemque
841 720 981 758 dedere

56 780 126 814 Per
141 779 268 827 silvas3
287 790 368 817 tum
383 794 501 818 saevus
518 795 626 831 aper,
644 791 724 819 tum
739 781 900 832 pessima
918 781 1033 830 tigris.

57 841 160 887 Heu,
178 841 273 877 male
290 851 370 878 tum
389 841 520 890 Libyae
539 842 627 880 solis
646 851 796 880 erratur
814 841 853 878 in
872 841 991 891 agris!

59 1003 192 1032 existere
202 1024 211 1038 ‚
227 1002 318 1038 oriri,
338 1011 474 1042 surgere.
493 1003 624 1032 -238.

62 1050 168 1078 Potest
181 1047 302 1087 duplici
319 1047 415 1077 modo
431 1049 625 1089 interpungi‚

62 1094 113 1123 vel
124 1095 168 1122 sic
181 1100 218 1122 ut
235 1093 310 1130 feci,
323 1101 358 1123 ut
373 1095 431 1124 sit:
449 1093 627 1137 Utifluctus

61 1139 188 1181 longius
203 1150 244 1169 ea·
258 1140 385 1180 altoque
402 1140 505 1169 sinum
520 1140 627 1177 trahit,

61 1197 156 1227 quum
178 1186 273 1226 coepic
285 1186 441 1215 albescere
448 1194 550 1226 ponto
564 1197 628 1216 me-

62 1232 125 1262 dio.
138 1232 246 1263 Solent
258 1239 358 1272 poetae
372 1233 535 1262 notionem
545 1234 630 1273 prin-

63 1279 176 1318 cipem,
194 1284 231 1307 ut
243 1276 403 1322 ἐνάργειαν
422 1278 535 1308 habeat
547 1301 554 1315 ‚
569 1279 628 1314 his,

65 1332 121 1362 ter,
140 1324 287 1362 reddet-«³3
303 1335 370 1354 nou
394 1325 499 1365 itaque
522 1325 629 1365 displi-

64 1381 134 1400 cere
156 1377 260 1411 potest
285 1370 411 1411 longius
436 1381 478 1400 ex
501 1371 631 1411 alcoq‘ue

64 1417 167 1446 sinam
188 1416 285 1446 trahit
297 1428 307 1446 .·
322 1427 395 1446 nam
418 1418 452 1446 in
466 1417 528 1447 hoc
542 1428 628 1447 com-

63 1464 233 1504 parationis
257 1463 351 1493 cardo
373 1470 525 1494 versatur.
547 1465 631 1494 Mar-

64 1512 121 1540 tin.
140 1511 340 1550 interpunxit
355 1520 427 1539 cum
442 1510 508 1539 aliis
522 1510 631 1540 :Fluc-

65 1565 113 1585 tus
122 1556 167 1586 uti
176 1556 280 1585 medio
293 1556 385 1596 coepit
393 1566 463 1585 cum
475 1556 632 1586 albescere

62 1610 163 1643 ponto
188 1601 328 1643 Longius
340 1625 349 1639 ‚
374 1612 415 1631 ex
442 1602 570 1642 altoque
592 1601 632 1630 si-

68 1659 143 1678 num
167 1647 265 1678 trahit
278 1659 290 1683 ;
317 1656 411 1688 utque
435 1648 564 1678 volutus
584 1665 630 1671 -—-

66 1703 172 1726 sonat.
189 1694 390 1734 Explendum
404 1694 463 1723 erit
477 1705 517 1724 ex
530 1701 630 1725 antec.

66 1742 116 1771 uti
132 1741 249 1771 fluctus
267 1740 360 1782 sigua
376 1747 476 1769 movet
491 1740 635 1782 ecfertur

67 1785 100 1816 in
115 1786 233 1817 hostem
244 1797 256 1816 .·
271 1797 345 1816 cum
358 1787 454 1827 coepit
467 1786 632 1824 albescere,

67 1844 108 1862 ex
136 1833 263 1873 altoque
289 1834 396 1864 sinum
414 1832 517 1864 trahit.
532 1834 633 1873 Atqui

56 1878 178 1921 fluctus
204 1878 298 1919 signa
324 1890 447 1909 movere
464 1885 494 1908 et
516 1878 548 1908 in
567 1878 634 1908 llos-

68 1932 130 1954 tem
139 1924 223 1966 ferri
234 1925 315 1954 miro
327 1925 422 1955 modo
435 1925 631 1962 dicerentur3

68 1982 108 2000 ex
133 1981 201 2011 sqq.
227 1981 304 2000 vero
330 1971 411 2001 nihil
431 1971 524 2001 video
548 1970 634 2011 quod

42 2050 52 2058 .
67 2017 247 2058 suppleam3
261 2027 320 2046 nec
326 2017 416 2058 jungi
428 2024 530 2057 potest
540 2017 632 2060 :fluc-

69 2071 117 2093 tus
131 2063 186 2100 uti,
199 2061 483 2104 medio—longius,
498 2074 540 2093 ex
557 2063 636 2093 alto-

69 2120 130 2150 que
141 2109 245 2139 sinum
255 2108 350 2139 trahit
363 2119 371 2140 ε
385 2120 538 2150 quorsum
551 2110 635 2140 enim

69 2156 186 2196 copula
207 2156 354 2196 spectet?
370 2156 436 2186 Cur
464 2156 560 2196 igitur
581 2166 634 2186 su-

67 2202 236 2242 percilioso
258 2202 437 2243 magisterio
460 2202 636 2242 spernenda

68 2249 108 2278 sit
131 2248 227 2279 altera
244 2248 341 2287 ratio,
359 2248 504 2279 nondum
519 2248 636 2290 perspi-

680 1002 744 1032 cio.
759 1001 927 1042 Accipitur
944 1010 1040 1040 porro
1059 1010 1102 1029 ecc
1117 1001 1195 1038 alto,
1207 1012 1244 1031 ex

679 1047 858 1088 profundo:
870 1048 957 1087 atqui
975 1046 1037 1076 hoc
1054 1046 1181 1076 demum
1201 1058 1246 1077 se-

680 1095 791 1134 quitur
811 1105 858 1124 vs.
877 1100 952 1130 240,
972 1103 998 1129 1,
1017 1100 1054 1123 at
1068 1093 1134 1122 ima
1148 1103 1249 1123 extes-

681 1148 750 1170 tuat
763 1140 851 1169 unda
864 1139 1048 1177 Vorticibus,
1060 1139 1248 1180 nigramque

681 1187 747 1216 alce
780 1185 933 1227 subjectat
965 1196 1110 1216 arenam.
1139 1185 1248 1214 Sinum

681 1232 780 1262 trahit
779 1232 918 1275 fluctus,
931 1232 1020 1268 facit⁷
1037 1233 1192 1266 sinuatur,
1208 1242 1249 1261 ex

682 1279 745 1308 alto
771 1289 879 1308 versus
905 1278 991 1309 litus.
1010 1295 1056 1301 ———
1073 1283 1149 1313 241.
1175 1277 1249 1307 Sub-

682 1331 786 1354 vectat
817 1324 936 1354 Medic.
967 1327 1145 1360 Romanu53
1166 1325 1248 1364 opti-

682 1371 808 1400 micum
819 1372 946 1410 Menag.
958 1380 1008 1411 pr.
1018 1371 1134 1400 Moret.
1145 1377 1248 1409 quart.

683 1423 714 1446 et
726 1417 764 1447 al.

732 1464 808 1499 246.
834 1461 952 1492 Saevior
976 1460 1110 1491 occurrit
1130 1461 1250 1501 campis

684 1510 799 1540 Moret.
816 1519 877 1538 sec.
897 1507 984 1549 quod
1001 1508 1102 1537 arrisit
1119 1508 1250 1537 Heinsio

685 1562 716 1585 et
743 1557 936 1585 Burmanno.
960 1572 1005 1577 —
1021 1552 1166 1588 Erravit,
1191 1564 1250 1594 pm

685 1606 749 1639 est,
764 1612 830 1631 esse
852 1600 941 1631 solet.
957 1601 1116 1631 Poeticam
1137 1602 1251 1630 oratio-

684 1657 757 1677 nem
777 1646 962 1677 considera:
981 1646 1065 1676 dicta
1082 1646 1150 1676 haec
1171 1656 1249 1686 pro:

685 1699 754 1722 tum
784 1693 876 1730 ferae,
899 1705 917 1723 e
946 1693 1062 1733 quibus
1084 1692 1197 1722 Ieaenas
1223 1699 1253 1722 et

685 1749 772 1769 ursas
792 1740 896 1780 primo
918 1739 992 1769 loeo
1012 1740 1166 1775 nominat,
1181 1737 1254 1768 effe—

684 1787 845 1816 ratissimae
857 1792 942 1816 sunt.
952 1802 998 1807 —
1009 1791 1070 1823 247
1078 1808 1084 1814 .
1096 1783 1253 1826 Informes

685 1832 766 1868 ursi,
808 1832 961 1862 deformes
972 1854 980 1868 ,
1011 1837 1130 1871 turpes,
1166 1830 1251 1860 conf.

686 1877 804 1915 Cerda3
831 1888 872 1908 an
899 1876 1025 1907 aliunde
1046 1883 1120 1907 nota
1146 1877 1187 1906 sit
1207 1887 1253 1905 ra-

684 1923 752 1954 bies
767 1925 870 1965 aliqua
882 1924 1035 1964 insignior
1046 1945 1055 1960 ,
1071 1929 1109 1953 ut
1120 1922 1253 1952 celebra-

685 1976 716 2000 ta
734 1977 780 2000 est
793 1980 938 2000 ursarum
956 1969 1057 1999 rabies
1076 1979 1116 1998 ex
1138 1974 1250 2009 partu⁷

687 2025 836 2046 ursorum
867 2026 908 2046 ex
935 2015 1070 2045 Veneris
1099 2014 1252 2051 stimuh‘s,

687 2062 862 2092 videndum
896 2063 974 2099 erit3
1013 2060 1099 2102 apud
1130 2061 1253 2091 Aristo-

688 2108 780 2138 telem
800 2109 822 2140 l.
839 2119 867 2140 c.
891 2114 938 2138 est
956 2114 1080 2138 tantum
1093 2106 1154 2137 hoc
1165 2129 1174 2145 ,
1197 2117 1255 2146 χα-

687 2153 797 2190 λεποὺς
816 2152 924 2190 αὐτοὺς
946 2152 1082 2198 ’γίνεσθαι
1099 2152 1160 2188 τοῖς
1177 2156 1255 2185 πλη-

687 2199 833 2237 σιάζουσι.
860 2218 907 2225 —-
939 2206 1016 2241 249.
1045 2201 1196 2230 Versatur
1220 2198 1253 2228 in

688 2247 775 2290 agris
799 2258 839 2279 ex
863 2247 1080 2289 antiquissimo
1102 2244 1172 2277 cod.
1188 2245 1254 2275 lau-
