<?xml version="1.0" encoding="UTF-8"?>
<!DOCTYPE html PUBLIC "-//W3C//DTD XHTML 1.0 Transitional//EN"
    "http://www.w3.org/TR/xhtml1/DTD/xhtml1-transitional.dtd">
<html xmlns="http://www.w3.org/1999/xhtml" xml:lang="en" lang="en">
 <head>
  <title>
</title>
<meta http-equiv="Content-Type" content="text/html;charset=utf-8" />
  <meta name='ocr-system' content='tesseract 3.04.00' />
  <meta name='ocr-capabilities' content='ocr_page ocr_carea ocr_par ocr_line ocrx_word'/>
</head>
<body>
  <div class='ocr_page' id='page_1' title='image "./operahey01virguoft_0063.png"; bbox 0 0 1408 2428; ppageno 0'>
   <div class='ocr_carea' id='block_1_1' title="bbox 590 75 1312 124">
    <p class='ocr_par' dir='ltr' id='par_1_1' title="bbox 590 75 1312 124">
     <span class='ocr_line' id='line_1_1' title="bbox 590 75 1312 124; baseline 0.014 -21"><span class='ocrx_word' id='word_1_1' title='bbox 590 75 758 105; x_wconf 79' lang='lat' dir='ltr'><strong>ECLOGA</strong></span> <span class='ocrx_word' id='word_1_2' title='bbox 786 78 842 107; x_wconf 89' lang='lat'>111.</span> <span class='ocrx_word' id='word_1_3' title='bbox 1271 94 1312 124; x_wconf 85' lang='lat'>29</span> 
     </span>
    </p>
   </div>
   <div class='ocr_carea' id='block_1_2' title="bbox 116 128 1313 278">
    <p class='ocr_par' dir='ltr' id='par_1_2' title="bbox 116 128 1313 278">
     <span class='ocr_line' id='line_1_2' title="bbox 119 128 1313 184; baseline 0.013 -26"><span class='ocrx_word' id='word_1_4' title='bbox 119 140 192 158; x_wconf 77' lang='lat' dir='ltr'>cuni</span> <span class='ocrx_word' id='word_1_5' title='bbox 209 129 260 159; x_wconf 83' lang='lat' dir='ltr'>alii</span> <span class='ocrx_word' id='word_1_6' title='bbox 275 128 314 158; x_wconf 79' lang='lat' dir='ltr'>ad</span> <span class='ocrx_word' id='word_1_7' title='bbox 331 140 403 160; x_wconf 82' lang='lat' dir='ltr'>ann.</span> <span class='ocrx_word' id='word_1_8' title='bbox 420 132 459 161; x_wconf 88' lang='lat' dir='ltr'>U.</span> <span class='ocrx_word' id='word_1_9' title='bbox 478 131 512 161; x_wconf 92' lang='lat' dir='ltr'>C.</span> <span class='ocrx_word' id='word_1_10' title='bbox 531 143 545 169; x_wconf 90' lang='lat'><strong>7</strong></span> <span class='ocrx_word' id='word_1_11' title='bbox 556 142 568 161; x_wconf 89' lang='lat'>1</span> <span class='ocrx_word' id='word_1_12' title='bbox 579 143 591 161; x_wconf 93' lang='lat'>1</span> <span class='ocrx_word' id='word_1_13' title='bbox 606 144 614 169; x_wconf 82' lang='lat'>3</span> <span class='ocrx_word' id='word_1_14' title='bbox 633 134 684 163; x_wconf 87' lang='lat' dir='ltr'>alii</span> <span class='ocrx_word' id='word_1_15' title='bbox 701 146 776 165; x_wconf 66' lang='lat' dir='ltr'>xero</span> <span class='ocrx_word' id='word_1_16' title='bbox 795 135 832 165; x_wconf 84' lang='lat' dir='ltr'>ad</span> <span class='ocrx_word' id='word_1_17' title='bbox 852 148 866 175; x_wconf 94' lang='lat'><strong>7</strong></span> <span class='ocrx_word' id='word_1_18' title='bbox 877 137 916 167; x_wconf 79' lang='lat'>15</span> <span class='ocrx_word' id='word_1_19' title='bbox 931 137 1073 170; x_wconf 81' lang='lat' dir='ltr'>referant.</span> <span class='ocrx_word' id='word_1_20' title='bbox 1090 140 1177 171; x_wconf 86' lang='lat' dir='ltr'>Nihil</span> <span class='ocrx_word' id='word_1_21' title='bbox 1193 150 1247 173; x_wconf 86' lang='lat' dir='ltr'>aut</span> <span class='ocrx_word' id='word_1_22' title='bbox 1260 153 1313 184; x_wconf 86' lang='lat' dir='ltr'>pa-</span> 
     </span>
     <span class='ocr_line' id='line_1_3' title="bbox 118 184 1311 236; baseline 0.013 -24"><span class='ocrx_word' id='word_1_23' title='bbox 118 195 188 213; x_wconf 88' lang='lat' dir='ltr'>rum</span> <span class='ocrx_word' id='word_1_24' title='bbox 207 184 246 214; x_wconf 84' lang='lat' dir='ltr'>ad</span> <span class='ocrx_word' id='word_1_25' title='bbox 261 196 336 216; x_wconf 88' lang='lat' dir='ltr'>rem.</span> <span class='ocrx_word' id='word_1_26' title='bbox 356 187 471 226; x_wconf 79' lang='lat' dir='ltr'><strong>Agitur</strong></span> <span class='ocrx_word' id='word_1_27' title='bbox 486 197 534 216; x_wconf 85' lang='lat' dir='ltr'>res</span> <span class='ocrx_word' id='word_1_28' title='bbox 547 189 630 218; x_wconf 85' lang='lat' dir='ltr'>inter</span> <span class='ocrx_word' id='word_1_29' title='bbox 644 200 759 230; x_wconf 84' lang='lat' dir='ltr'>pascua</span> <span class='ocrx_word' id='word_1_30' title='bbox 774 198 805 220; x_wconf 88' lang='lat' dir='ltr'>et</span> <span class='ocrx_word' id='word_1_31' title='bbox 817 203 922 233; x_wconf 79' lang='lat' dir='ltr'><strong>greges</strong></span> <span class='ocrx_word' id='word_1_32' title='bbox 937 204 993 233; x_wconf 87' lang='lat' dir='ltr'>per</span> <span class='ocrx_word' id='word_1_33' title='bbox 1007 204 1094 235; x_wconf 83' lang='lat' dir='ltr'>agros</span> <span class='ocrx_word' id='word_1_34' title='bbox 1107 206 1233 236; x_wconf 82' lang='lat' dir='ltr'>gramen</span> <span class='ocrx_word' id='word_1_35' title='bbox 1247 208 1311 227; x_wconf 82' lang='lat' dir='ltr'>car-</span> 
     </span>
     <span class='ocr_line' id='line_1_4' title="bbox 116 240 424 278; baseline 0.01 -11"><span class='ocrx_word' id='word_1_36' title='bbox 116 246 241 278; x_wconf 80' lang='lat' dir='ltr'>pentes3</span> <span class='ocrx_word' id='word_1_37' title='bbox 260 240 297 270; x_wconf 84' lang='lat' dir='ltr'>cf.</span> <span class='ocrx_word' id='word_1_38' title='bbox 322 252 351 270; x_wconf 90' lang='lat' dir='ltr'>v.</span> <span class='ocrx_word' id='word_1_39' title='bbox 372 241 424 270; x_wconf 84' lang='lat'>55.</span> 
     </span>
    </p>
   </div>
   <div class='ocr_carea' id='block_1_3' title="bbox 615 344 799 354">
    <p class='ocr_par' dir='ltr' id='par_1_3' title="bbox 615 344 799 354">
     <span class='ocr_line' id='line_1_5' title="bbox 615 344 799 354; baseline 0 2074"><span class='ocrx_word' id='word_1_40' title='bbox 615 344 799 354; x_wconf 95' lang='lat' dir='ltr'> </span> 
     </span>
    </p>
   </div>
   <div class='ocr_carea' id='block_1_4' title="bbox 270 457 1150 507">
    <p class='ocr_par' dir='ltr' id='par_1_4' title="bbox 270 457 1150 507">
     <span class='ocr_line' id='line_1_6' title="bbox 270 457 1150 507; baseline 0.013 -16"><span class='ocrx_word' id='word_1_41' title='bbox 270 457 537 494; x_wconf 84' lang='lat' dir='ltr'><strong>MENALCAS</strong></span> <span class='ocrx_word' id='word_1_42' title='bbox 548 486 557 502; x_wconf 92' lang='lat'>,</span> <span class='ocrx_word' id='word_1_43' title='bbox 574 460 846 497; x_wconf 89' lang='lat' dir='ltr'>DAMOETAS</span> <span class='ocrx_word' id='word_1_44' title='bbox 857 489 868 507; x_wconf 88' lang='lat'>‚</span> <span class='ocrx_word' id='word_1_45' title='bbox 883 464 1150 502; x_wconf 85' lang='lat' dir='ltr'>PALAEMON.</span> 
     </span>
    </p>
   </div>
   <div class='ocr_carea' id='block_1_5' title="bbox 106 557 1120 946">
    <p class='ocr_par' dir='ltr' id='par_1_5' title="bbox 106 557 1120 946">
     <span class='ocr_line' id='line_1_7' title="bbox 610 557 813 581; baseline 0.015 -3"><span class='ocrx_word' id='word_1_46' title='bbox 610 557 813 581; x_wconf 69' lang='lat' dir='ltr'>MENALcAs.</span> 
     </span>
     <span class='ocr_line' id='line_1_8' title="bbox 110 597 1092 652; baseline 0.012 -22"><span class='ocrx_word' id='word_1_47' title='bbox 110 597 184 631; x_wconf 89' lang='lat' dir='ltr'>D1c</span> <span class='ocrx_word' id='word_1_48' title='bbox 201 597 311 642; x_wconf 89' lang='lat' dir='ltr'>mihi,</span> <span class='ocrx_word' id='word_1_49' title='bbox 327 600 497 636; x_wconf 82' lang='lat' dir='ltr'>Damoeta</span> <span class='ocrx_word' id='word_1_50' title='bbox 508 629 517 646; x_wconf 84' lang='lat'>,</span> <span class='ocrx_word' id='word_1_51' title='bbox 534 602 659 651; x_wconf 87' lang='lat' dir='ltr'>cujum</span> <span class='ocrx_word' id='word_1_52' title='bbox 678 606 814 652; x_wconf 79' lang='lat' dir='ltr'>pecus?</span> <span class='ocrx_word' id='word_1_53' title='bbox 832 618 878 641; x_wconf 84' lang='lat' dir='ltr'>au</span> <span class='ocrx_word' id='word_1_54' title='bbox 901 605 1092 644; x_wconf 75' lang='lat' dir='ltr'>Meliboei?</span> 
     </span>
     <span class='ocr_line' id='line_1_9' title="bbox 610 677 811 701; baseline 0.02 -5"><span class='ocrx_word' id='word_1_55' title='bbox 610 677 811 701; x_wconf 75' lang='lat' dir='ltr'>DAMOETAS.</span> 
     </span>
     <span class='ocr_line' id='line_1_10' title="bbox 109 717 1120 775; baseline 0.014 -25"><span class='ocrx_word' id='word_1_56' title='bbox 109 717 212 761; x_wconf 80' lang='lat' dir='ltr'>Non3</span> <span class='ocrx_word' id='word_1_57' title='bbox 230 730 360 753; x_wconf 78' lang='lat' dir='ltr'>verum</span> <span class='ocrx_word' id='word_1_58' title='bbox 375 720 528 768; x_wconf 83' lang='lat' dir='ltr'>AEgonis</span> <span class='ocrx_word' id='word_1_59' title='bbox 548 735 555 755; x_wconf 93' lang='lat'>:</span> <span class='ocrx_word' id='word_1_60' title='bbox 572 735 694 769; x_wconf 79' lang='lat' dir='ltr'>nuper</span> <span class='ocrx_word' id='word_1_61' title='bbox 709 724 800 759; x_wconf 84' lang='lat' dir='ltr'>mihi</span> <span class='ocrx_word' id='word_1_62' title='bbox 818 725 972 761; x_wconf 80' lang='lat' dir='ltr'>tradidit</span> <span class='ocrx_word' id='word_1_63' title='bbox 988 728 1120 775; x_wconf 83' lang='lat' dir='ltr'>AEgon.</span> 
     </span>
     <span class='ocr_line' id='line_1_11' title="bbox 604 793 807 818; baseline 0.025 -5"><span class='ocrx_word' id='word_1_64' title='bbox 604 793 807 818; x_wconf 72' lang='lat' dir='ltr'>MENA1.CAS.</span> 
     </span>
     <span class='ocr_line' id='line_1_12' title="bbox 107 833 1029 889; baseline 0.012 -21"><span class='ocrx_word' id='word_1_65' title='bbox 107 833 242 869; x_wconf 79' lang='lat' dir='ltr'><strong>Infelix</strong></span> <span class='ocrx_word' id='word_1_66' title='bbox 258 847 280 869; x_wconf 95' lang='grc' dir='ltr'><strong>ο</strong></span> <span class='ocrx_word' id='word_1_67' title='bbox 298 847 461 882; x_wconf 80' lang='lat' dir='ltr'>semper,</span> <span class='ocrx_word' id='word_1_68' title='bbox 480 849 586 880; x_wconf 81' lang='lat' dir='ltr'>oves,</span> <span class='ocrx_word' id='word_1_69' title='bbox 609 842 740 886; x_wconf 75' lang='lat' dir='ltr'>pecus!</span> <span class='ocrx_word' id='word_1_70' title='bbox 759 841 838 889; x_wconf 79' lang='lat' dir='ltr'>ipse</span> <span class='ocrx_word' id='word_1_71' title='bbox 855 844 1029 879; x_wconf 86' lang='lat' dir='ltr'>Neaeram</span> 
     </span>
     <span class='ocr_line' id='line_1_13' title="bbox 106 893 1118 946; baseline 0.012 -18"><span class='ocrx_word' id='word_1_72' title='bbox 106 895 205 928; x_wconf 87' lang='lat' dir='ltr'>Dum</span> <span class='ocrx_word' id='word_1_73' title='bbox 222 893 340 937; x_wconf 70' lang='lat' dir='ltr'>fovet,</span> <span class='ocrx_word' id='word_1_74' title='bbox 356 906 416 939; x_wconf 80' lang='lat' dir='ltr'>ac,</span> <span class='ocrx_word' id='word_1_75' title='bbox 434 908 480 930; x_wconf 87' lang='lat' dir='ltr'>ne</span> <span class='ocrx_word' id='word_1_76' title='bbox 495 908 553 931; x_wconf 84' lang='lat' dir='ltr'>me</span> <span class='ocrx_word' id='word_1_77' title='bbox 570 896 642 933; x_wconf 85' lang='lat' dir='ltr'>sibi</span> <span class='ocrx_word' id='word_1_78' title='bbox 660 900 834 946; x_wconf 75' lang='lat' dir='ltr'>praeferat</span> <span class='ocrx_word' id='word_1_79' title='bbox 849 901 929 946; x_wconf 81' lang='lat' dir='ltr'>illa,</span> <span class='ocrx_word' id='word_1_80' title='bbox 947 912 1118 945; x_wconf 78' lang='lat' dir='ltr'>veretur,</span> 
     </span>
    </p>
   </div>
   <div class='ocr_carea' id='block_1_6' title="bbox 106 952 1000 1009">
    <p class='ocr_par' dir='ltr' id='par_1_6' title="bbox 106 952 1000 1009">
     <span class='ocr_line' id='line_1_14' title="bbox 106 952 1000 1009; baseline 0.008 -21"><span class='ocrx_word' id='word_1_81' title='bbox 106 952 175 988; x_wconf 88' lang='lat' dir='ltr'>Hic</span> <span class='ocrx_word' id='word_1_82' title='bbox 192 952 332 988; x_wconf 86' lang='lat' dir='ltr'>alienus</span> <span class='ocrx_word' id='word_1_83' title='bbox 349 967 437 991; x_wconf 88' lang='lat' dir='ltr'>oves</span> <span class='ocrx_word' id='word_1_84' title='bbox 455 965 579 993; x_wconf 85' lang='lat' dir='ltr'>custos</span> <span class='ocrx_word' id='word_1_85' title='bbox 595 956 651 994; x_wconf 85' lang='lat' dir='ltr'>bis</span> <span class='ocrx_word' id='word_1_86' title='bbox 669 960 808 1009; x_wconf 82' lang='lat' dir='ltr'>mulget</span> <span class='ocrx_word' id='word_1_87' title='bbox 826 960 862 996; x_wconf 90' lang='lat' dir='ltr'>in</span> <span class='ocrx_word' id='word_1_88' title='bbox 881 961 974 998; x_wconf 82' lang='lat' dir='ltr'>hora</span> <span class='ocrx_word' id='word_1_89' title='bbox 993 975 1000 995; x_wconf 92' lang='lat'>:</span> 
     </span>
    </p>
   </div>
   <div class='ocr_carea' id='block_1_7' title="bbox 1291 973 1305 996">
    <p class='ocr_par' dir='ltr' id='par_1_7' title="bbox 1291 973 1305 996">
     <span class='ocr_line' id='line_1_15' title="bbox 1291 973 1305 996; textangle 90"><span class='ocrx_word' id='word_1_90' title='bbox 1291 973 1305 996; x_wconf 54' lang='lat' dir='ltr'>ev</span> 
     </span>
    </p>
   </div>
   <div class='ocr_carea' id='block_1_8' title="bbox 102 1013 1077 1248">
    <p class='ocr_par' dir='ltr' id='par_1_8' title="bbox 104 1013 942 1115">
     <span class='ocr_line' id='line_1_16' title="bbox 104 1013 942 1070; baseline 0.013 -24"><span class='ocrx_word' id='word_1_91' title='bbox 104 1013 150 1047; x_wconf 84' lang='lat' dir='ltr'>Et</span> <span class='ocrx_word' id='word_1_92' title='bbox 165 1025 276 1049; x_wconf 86' lang='lat' dir='ltr'>sucus</span> <span class='ocrx_word' id='word_1_93' title='bbox 294 1015 440 1062; x_wconf 81' lang='lat' dir='ltr'>pecori,</span> <span class='ocrx_word' id='word_1_94' title='bbox 459 1025 495 1052; x_wconf 88' lang='lat' dir='ltr'>et</span> <span class='ocrx_word' id='word_1_95' title='bbox 513 1017 568 1053; x_wconf 86' lang='lat' dir='ltr'>lac</span> <span class='ocrx_word' id='word_1_96' title='bbox 583 1018 809 1056; x_wconf 78' lang='lat' dir='ltr'>subducitur</span> <span class='ocrx_word' id='word_1_97' title='bbox 825 1022 942 1070; x_wconf 78' lang='lat' dir='ltr'>agnis.</span> 
     </span>
     <span class='ocr_line' id='line_1_17' title="bbox 601 1091 803 1115; baseline 0.015 -3"><span class='ocrx_word' id='word_1_98' title='bbox 601 1091 803 1115; x_wconf 70' lang='lat' dir='ltr'>DAMOETAS.</span> 
     </span>
    </p>

    <p class='ocr_par' dir='ltr' id='par_1_9' title="bbox 102 1133 1033 1189">
     <span class='ocr_line' id='line_1_18' title="bbox 102 1133 1033 1189; baseline 0.011 -22"><span class='ocrx_word' id='word_1_99' title='bbox 102 1133 254 1170; x_wconf 84' lang='lat' dir='ltr'>Parcius</span> <span class='ocrx_word' id='word_1_100' title='bbox 272 1134 341 1170; x_wconf 83' lang='lat' dir='ltr'>ista</span> <span class='ocrx_word' id='word_1_101' title='bbox 357 1135 446 1172; x_wconf 82' lang='lat' dir='ltr'>viris</span> <span class='ocrx_word' id='word_1_102' title='bbox 464 1145 586 1173; x_wconf 83' lang='lat' dir='ltr'>tamen</span> <span class='ocrx_word' id='word_1_103' title='bbox 604 1137 816 1189; x_wconf 85' lang='lat' dir='ltr'>objicienda</span> <span class='ocrx_word' id='word_1_104' title='bbox 833 1149 1033 1177; x_wconf 81' lang='lat' dir='ltr'>memento.</span> 
     </span>
    </p>

    <p class='ocr_par' dir='ltr' id='par_1_10' title="bbox 102 1194 1077 1248">
     <span class='ocr_line' id='line_1_19' title="bbox 102 1194 1077 1248; baseline 0.01 -20"><span class='ocrx_word' id='word_1_105' title='bbox 102 1194 284 1231; x_wconf 86' lang='lat' dir='ltr'>Novimus</span> <span class='ocrx_word' id='word_1_106' title='bbox 300 1205 336 1232; x_wconf 77' lang='lat' dir='ltr'>et</span> <span class='ocrx_word' id='word_1_107' title='bbox 352 1197 416 1245; x_wconf 89' lang='lat' dir='ltr'>qui</span> <span class='ocrx_word' id='word_1_108' title='bbox 433 1206 487 1243; x_wconf 85' lang='lat' dir='ltr'>te,</span> <span class='ocrx_word' id='word_1_109' title='bbox 509 1206 718 1236; x_wconf 83' lang='lat' dir='ltr'>transversa</span> <span class='ocrx_word' id='word_1_110' title='bbox 734 1201 926 1238; x_wconf 78' lang='lat' dir='ltr'>tuentibus</span> <span class='ocrx_word' id='word_1_111' title='bbox 944 1202 1077 1248; x_wconf 81' lang='lat' dir='ltr'>hircis,</span> 
     </span>
    </p>
   </div>
   <div class='ocr_carea' id='block_1_9' title="bbox 61 1312 669 2230">
    <p class='ocr_par' dir='ltr' id='par_1_11' title="bbox 94 1312 669 1569">
     <span class='ocr_line' id='line_1_20' title="bbox 152 1312 668 1357; baseline 0.014 -18"><span class='ocrx_word' id='word_1_112' title='bbox 152 1320 178 1340; x_wconf 91' lang='lat'>1.</span> <span class='ocrx_word' id='word_1_113' title='bbox 204 1312 251 1341; x_wconf 83' lang='lat' dir='ltr'>Ex</span> <span class='ocrx_word' id='word_1_114' title='bbox 267 1312 426 1344; x_wconf 64' lang='lat' dir='ltr'>&#39;lheocrin</span> <span class='ocrx_word' id='word_1_115' title='bbox 442 1316 501 1352; x_wconf 87' lang='lat' dir='ltr'>IV,</span> <span class='ocrx_word' id='word_1_116' title='bbox 523 1327 536 1345; x_wconf 94' lang='lat'>1</span> <span class='ocrx_word' id='word_1_117' title='bbox 555 1327 599 1357; x_wconf 87' lang='lat' dir='ltr'>sq.</span> <span class='ocrx_word' id='word_1_118' title='bbox 617 1328 668 1346; x_wconf 83' lang='lat' dir='ltr'>cu-</span> 
     </span>
     <span class='ocr_line' id='line_1_21' title="bbox 94 1354 669 1395; baseline 0.016 -12"><span class='ocrx_word' id='word_1_119' title='bbox 94 1354 163 1395; x_wconf 82' lang='lat' dir='ltr'>jum</span> <span class='ocrx_word' id='word_1_120' title='bbox 186 1357 249 1394; x_wconf 84' lang='lat' dir='ltr'>jam</span> <span class='ocrx_word' id='word_1_121' title='bbox 267 1357 392 1389; x_wconf 77' lang='lat' dir='ltr'>desueta</span> <span class='ocrx_word' id='word_1_122' title='bbox 418 1372 481 1390; x_wconf 81' lang='lat' dir='ltr'>vox</span> <span class='ocrx_word' id='word_1_123' title='bbox 509 1370 573 1391; x_wconf 84' lang='lat' dir='ltr'>eiat</span> <span class='ocrx_word' id='word_1_124' title='bbox 596 1372 603 1391; x_wconf 87' lang='grc'>;</span> <span class='ocrx_word' id='word_1_125' title='bbox 625 1363 669 1392; x_wconf 77' lang='lat' dir='ltr'>sic</span> 
     </span>
     <span class='ocr_line' id='line_1_22' title="bbox 98 1403 667 1448; baseline 0.014 -20"><span class='ocrx_word' id='word_1_126' title='bbox 98 1411 167 1430; x_wconf 75' lang='lat' dir='ltr'>mre</span> <span class='ocrx_word' id='word_1_127' title='bbox 191 1403 378 1442; x_wconf 81' lang='lat' dir='ltr'>loquuntur,</span> <span class='ocrx_word' id='word_1_128' title='bbox 407 1406 539 1436; x_wconf 80' lang='lat' dir='ltr'>addebat</span> <span class='ocrx_word' id='word_1_129' title='bbox 564 1409 667 1448; x_wconf 72' lang='lat' dir='ltr'>Virgi-</span> 
     </span>
     <span class='ocr_line' id='line_1_23' title="bbox 95 1445 668 1484; baseline 0.016 -10"><span class='ocrx_word' id='word_1_130' title='bbox 95 1445 269 1484; x_wconf 70' lang='lat' dir='ltr'>liomasflx,</span> <span class='ocrx_word' id='word_1_131' title='bbox 306 1456 341 1479; x_wconf 80' lang='lat' dir='ltr'>ut</span> <span class='ocrx_word' id='word_1_132' title='bbox 372 1452 493 1481; x_wconf 84' lang='lat' dir='ltr'><strong>Pseudo</strong></span> <span class='ocrx_word' id='word_1_133' title='bbox 525 1455 668 1483; x_wconf 83' lang='lat' dir='ltr'>Donatus</span> 
     </span>
     <span class='ocr_line' id='line_1_24' title="bbox 95 1491 669 1532; baseline 0.016 -12"><span class='ocrx_word' id='word_1_134' title='bbox 95 1491 116 1532; x_wconf 56' lang='grc' dir='ltr'>ὃ</span> <span class='ocrx_word' id='word_1_135' title='bbox 140 1493 178 1521; x_wconf 79' lang='lat'>61</span> <span class='ocrx_word' id='word_1_136' title='bbox 198 1502 359 1525; x_wconf 87' lang='lat' dir='ltr'>memorat.</span> <span class='ocrx_word' id='word_1_137' title='bbox 374 1498 509 1527; x_wconf 69' lang='lat' dir='ltr'><em>-Ai’n</em></span> <span class='ocrx_word' id='word_1_138' title='bbox 528 1499 669 1529; x_wconf 79' lang='lat' dir='ltr'>Meliboei</span> 
     </span>
     <span class='ocr_line' id='line_1_25' title="bbox 95 1539 282 1569; baseline 0.011 -2"><span class='ocrx_word' id='word_1_139' title='bbox 95 1548 179 1568; x_wconf 88' lang='lat' dir='ltr'>unus</span> <span class='ocrx_word' id='word_1_140' title='bbox 198 1539 282 1569; x_wconf 82' lang='lat' dir='ltr'>Leid.</span> 
     </span>
    </p>

    <p class='ocr_par' dir='ltr' id='par_1_12' title="bbox 94 1587 666 1858">
     <span class='ocr_line' id='line_1_26' title="bbox 143 1587 666 1628; baseline 0.015 -15"><span class='ocrx_word' id='word_1_141' title='bbox 143 1591 172 1620; x_wconf 76' lang='lat'>4.</span> <span class='ocrx_word' id='word_1_142' title='bbox 199 1587 284 1615; x_wconf 87' lang='lat' dir='ltr'>Dum</span> <span class='ocrx_word' id='word_1_143' title='bbox 297 1587 362 1625; x_wconf 84' lang='lat' dir='ltr'>ipse</span> <span class='ocrx_word' id='word_1_144' title='bbox 376 1590 476 1628; x_wconf 83' lang='lat' dir='ltr'>AEgon</span> <span class='ocrx_word' id='word_1_145' title='bbox 490 1591 607 1620; x_wconf 78' lang='lat' dir='ltr'>Neaerae</span> <span class='ocrx_word' id='word_1_146' title='bbox 624 1603 666 1621; x_wconf 81' lang='lat' dir='ltr'>as-</span> 
     </span>
     <span class='ocr_line' id='line_1_27' title="bbox 94 1630 665 1668; baseline 0.014 -9"><span class='ocrx_word' id='word_1_147' title='bbox 94 1630 189 1667; x_wconf 82' lang='lat' dir='ltr'>sidet,</span> <span class='ocrx_word' id='word_1_148' title='bbox 219 1631 271 1660; x_wconf 73' lang='lat' dir='ltr'>hic</span> <span class='ocrx_word' id='word_1_149' title='bbox 310 1634 452 1663; x_wconf 78' lang='lat' dir='ltr'>mercede</span> <span class='ocrx_word' id='word_1_150' title='bbox 488 1636 665 1668; x_wconf 81' lang='lat' dir='ltr'>conductus</span> 
     </span>
     <span class='ocr_line' id='line_1_28' title="bbox 94 1679 663 1723; baseline 0.013 -18"><span class='ocrx_word' id='word_1_151' title='bbox 94 1687 217 1717; x_wconf 84' lang='lat' dir='ltr'>gregem</span> <span class='ocrx_word' id='word_1_152' title='bbox 233 1679 300 1716; x_wconf 83' lang='lat' dir='ltr'>ejus</span> <span class='ocrx_word' id='word_1_153' title='bbox 320 1680 433 1718; x_wconf 83' lang='lat' dir='ltr'>perdit.</span> <span class='ocrx_word' id='word_1_154' title='bbox 459 1682 533 1711; x_wconf 83' lang='lat' dir='ltr'>Fere</span> <span class='ocrx_word' id='word_1_155' title='bbox 557 1689 592 1711; x_wconf 78' lang='lat' dir='ltr'>ut</span> <span class='ocrx_word' id='word_1_156' title='bbox 616 1694 663 1723; x_wconf 83' lang='lat' dir='ltr'>ap.</span> 
     </span>
     <span class='ocr_line' id='line_1_29' title="bbox 95 1723 648 1771; baseline 0.013 -20"><span class='ocrx_word' id='word_1_157' title='bbox 95 1723 224 1753; x_wconf 86' lang='lat' dir='ltr'>Homer.</span> <span class='ocrx_word' id='word_1_158' title='bbox 247 1723 307 1753; x_wconf 86' lang='lat' dir='ltr'>Od.</span> <span class='ocrx_word' id='word_1_159' title='bbox 332 1735 364 1767; x_wconf 83' lang='grc' dir='ltr'>ρ,</span> <span class='ocrx_word' id='word_1_160' title='bbox 391 1727 455 1762; x_wconf 79' lang='lat'>246</span> <span class='ocrx_word' id='word_1_161' title='bbox 475 1725 614 1771; x_wconf 69' lang='grc' dir='ltr'>ἀλαλήυ.</span> <span class='ocrx_word' id='word_1_162' title='bbox 605 1739 648 1758; x_wconf 73' lang='grc' dir='ltr'>νο</span> 
     </span>
     <span class='ocr_line' id='line_1_30' title="bbox 95 1767 665 1815; baseline 0.014 -17"><span class='ocrx_word' id='word_1_163' title='bbox 95 1767 159 1798; x_wconf 82' lang='grc' dir='ltr'>αἰὲν</span> <span class='ocrx_word' id='word_1_164' title='bbox 174 1773 254 1799; x_wconf 80' lang='grc' dir='ltr'>Αστυ</span> <span class='ocrx_word' id='word_1_165' title='bbox 265 1768 346 1800; x_wconf 74' lang='grc' dir='ltr'><em>κάτ’·</em></span> <span class='ocrx_word' id='word_1_166' title='bbox 361 1769 459 1815; x_wconf 62' lang='lat' dir='ltr'>minz-&amp;0</span> <span class='ocrx_word' id='word_1_167' title='bbox 475 1776 559 1815; x_wconf 78' lang='grc' dir='ltr'>μῆλα</span> <span class='ocrx_word' id='word_1_168' title='bbox 573 1773 665 1805; x_wconf 69' lang='grc' dir='ltr'>κακοὶ</span> 
     </span>
     <span class='ocr_line' id='line_1_31' title="bbox 95 1813 387 1858; baseline 0.011 -15"><span class='ocrx_word' id='word_1_169' title='bbox 95 1813 246 1857; x_wconf 69' lang='grc' dir='ltr'>φθείρουσι</span> <span class='ocrx_word' id='word_1_170' title='bbox 270 1819 387 1858; x_wconf 78' lang='grc' dir='ltr'>νομῆες.</span> 
     </span>
    </p>

    <p class='ocr_par' dir='ltr' id='par_1_13' title="bbox 94 1862 667 2090">
     <span class='ocr_line' id='line_1_32' title="bbox 144 1862 663 1898; baseline 0.015 -8"><span class='ocrx_word' id='word_1_171' title='bbox 144 1862 172 1891; x_wconf 90' lang='lat'>5.</span> <span class='ocrx_word' id='word_1_172' title='bbox 202 1862 289 1892; x_wconf 82' lang='lat' dir='ltr'>Hicc’</span> <span class='ocrx_word' id='word_1_173' title='bbox 307 1863 440 1895; x_wconf 78' lang='lat' dir='ltr'>alienus.</span> <span class='ocrx_word' id='word_1_174' title='bbox 455 1867 578 1897; x_wconf 84' lang='lat' dir='ltr'>Scilicet</span> <span class='ocrx_word' id='word_1_175' title='bbox 592 1868 663 1898; x_wconf 82' lang='lat' dir='ltr'>ubi-</span> 
     </span>
     <span class='ocr_line' id='line_1_33' title="bbox 94 1910 664 1946; baseline 0.016 -11"><span class='ocrx_word' id='word_1_176' title='bbox 94 1916 156 1946; x_wconf 85' lang='lat' dir='ltr'>que</span> <span class='ocrx_word' id='word_1_177' title='bbox 181 1915 252 1937; x_wconf 84' lang='lat' dir='ltr'>ante</span> <span class='ocrx_word' id='word_1_178' title='bbox 276 1910 414 1940; x_wconf 85' lang='lat' dir='ltr'>vocalem</span> <span class='ocrx_word' id='word_1_179' title='bbox 440 1912 482 1941; x_wconf 79' lang='lat' dir='ltr'>ita</span> <span class='ocrx_word' id='word_1_180' title='bbox 506 1915 565 1943; x_wconf 80' lang='lat' dir='ltr'>erit</span> <span class='ocrx_word' id='word_1_181' title='bbox 589 1916 664 1944; x_wconf 84' lang='lat' dir='ltr'>scri-</span> 
     </span>
     <span class='ocr_line' id='line_1_34' title="bbox 94 1951 666 2000; baseline 0.017 -20"><span class='ocrx_word' id='word_1_182' title='bbox 94 1951 250 1989; x_wconf 78' lang='lat' dir='ltr'>bendum;</span> <span class='ocrx_word' id='word_1_183' title='bbox 280 1957 440 1986; x_wconf 78' lang='lat' dir='ltr'>enimvero</span> <span class='ocrx_word' id='word_1_184' title='bbox 456 1959 519 1995; x_wconf 83' lang='lat' dir='ltr'>jam</span> <span class='ocrx_word' id='word_1_185' title='bbox 548 1959 666 2000; x_wconf 84' lang='lat' dir='ltr'>ubique</span> 
     </span>
     <span class='ocr_line' id='line_1_35' title="bbox 95 2003 667 2041; baseline 0.014 -14"><span class='ocrx_word' id='word_1_186' title='bbox 95 2006 288 2029; x_wconf 79' lang='lat' dir='ltr'>conventum</span> <span class='ocrx_word' id='word_1_187' title='bbox 315 2009 360 2030; x_wconf 85' lang='lat' dir='ltr'>est</span> <span class='ocrx_word' id='word_1_188' title='bbox 385 2003 420 2032; x_wconf 92' lang='lat' dir='ltr'>in</span> <span class='ocrx_word' id='word_1_189' title='bbox 443 2004 520 2041; x_wconf 83' lang='lat' dir='ltr'>hoc,</span> <span class='ocrx_word' id='word_1_190' title='bbox 551 2012 586 2034; x_wconf 86' lang='lat' dir='ltr'>ut</span> <span class='ocrx_word' id='word_1_191' title='bbox 616 2005 667 2036; x_wconf 76' lang='lat' dir='ltr'>hic</span> 
     </span>
     <span class='ocr_line' id='line_1_36' title="bbox 94 2044 633 2090; baseline 0.015 -17"><span class='ocrx_word' id='word_1_192' title='bbox 94 2044 247 2084; x_wconf 83' lang='lat' dir='ltr'>producta</span> <span class='ocrx_word' id='word_1_193' title='bbox 262 2047 396 2087; x_wconf 77' lang='lat' dir='ltr'><strong>syllaba,</strong></span> <span class='ocrx_word' id='word_1_194' title='bbox 412 2049 452 2078; x_wconf 90' lang='lat' dir='ltr'>sit</span> <span class='ocrx_word' id='word_1_195' title='bbox 465 2061 523 2090; x_wconf 88' lang='lat' dir='ltr'>pro</span> <span class='ocrx_word' id='word_1_196' title='bbox 538 2050 633 2082; x_wconf 72' lang='lat' dir='ltr'>hicce.</span> 
     </span>
    </p>

    <p class='ocr_par' dir='ltr' id='par_1_14' title="bbox 61 2092 663 2230">
     <span class='ocr_line' id='line_1_37' title="bbox 145 2092 663 2129; baseline 0.014 -9"><span class='ocrx_word' id='word_1_197' title='bbox 145 2103 173 2129; x_wconf 82' lang='lat'>7.</span> <span class='ocrx_word' id='word_1_198' title='bbox 200 2092 330 2122; x_wconf 78' lang='lat' dir='ltr'>Parcius</span> <span class='ocrx_word' id='word_1_199' title='bbox 348 2093 407 2123; x_wconf 77' lang='lat' dir='ltr'>ista</span> <span class='ocrx_word' id='word_1_200' title='bbox 431 2095 520 2126; x_wconf 77' lang='lat' dir='ltr'>viris.</span> <span class='ocrx_word' id='word_1_201' title='bbox 548 2097 663 2128; x_wconf 87' lang='lat' dir='ltr'>Convi-</span> 
     </span>
     <span class='ocr_line' id='line_1_38' title="bbox 94 2137 661 2181; baseline 0.014 -16"><span class='ocrx_word' id='word_1_202' title='bbox 94 2137 179 2166; x_wconf 88' lang='lat' dir='ltr'>cium</span> <span class='ocrx_word' id='word_1_203' title='bbox 207 2140 351 2169; x_wconf 71' lang='lat' dir='ltr'>convicio</span> <span class='ocrx_word' id='word_1_204' title='bbox 376 2143 509 2181; x_wconf 81' lang='lat' dir='ltr'>opponit</span> <span class='ocrx_word' id='word_1_205' title='bbox 538 2143 661 2174; x_wconf 77' lang='lat' dir='ltr'>Damoe-</span> 
     </span>
     <span class='ocr_line' id='line_1_39' title="bbox 61 2182 660 2230; baseline 0.015 -18"><span class='ocrx_word' id='word_1_206' title='bbox 61 2182 69 2191; x_wconf 88' lang='grc'><em>“</em></span> <span class='ocrx_word' id='word_1_207' title='bbox 94 2187 154 2222; x_wconf 73' lang='lat' dir='ltr'>taS,</span> <span class='ocrx_word' id='word_1_208' title='bbox 174 2191 204 2214; x_wconf 87' lang='lat' dir='ltr'>et</span> <span class='ocrx_word' id='word_1_209' title='bbox 216 2186 368 2217; x_wconf 82' lang='lat' dir='ltr'>Menalcae</span> <span class='ocrx_word' id='word_1_210' title='bbox 383 2187 540 2218; x_wconf 82' lang='lat' dir='ltr'>infamiam</span> <span class='ocrx_word' id='word_1_211' title='bbox 559 2189 660 2230; x_wconf 81' lang='lat' dir='ltr'>pathi-</span> 
     </span>
    </p>
   </div>
   <div class='ocr_carea' id='block_1_10' title="bbox 714 1317 1296 2235">
    <p class='ocr_par' dir='ltr' id='par_1_15' title="bbox 718 1317 1296 1763">
     <span class='ocr_line' id='line_1_40' title="bbox 723 1317 1295 1358; baseline 0.005 -12"><span class='ocrx_word' id='word_1_212' title='bbox 723 1329 767 1347; x_wconf 80' lang='lat' dir='ltr'>cae</span> <span class='ocrx_word' id='word_1_213' title='bbox 785 1317 926 1348; x_wconf 77' lang='lat' dir='ltr'>libidinis</span> <span class='ocrx_word' id='word_1_214' title='bbox 941 1319 1121 1358; x_wconf 84' lang='lat' dir='ltr'>exprobrat.</span> <span class='ocrx_word' id='word_1_215' title='bbox 1141 1319 1226 1348; x_wconf 83' lang='lat' dir='ltr'>Dicit</span> <span class='ocrx_word' id='word_1_216' title='bbox 1238 1319 1295 1349; x_wconf 87' lang='lat' dir='ltr'>ita-</span> 
     </span>
     <span class='ocr_line' id='line_1_41' title="bbox 722 1365 1296 1405; baseline 0.007 -14"><span class='ocrx_word' id='word_1_217' title='bbox 722 1375 793 1403; x_wconf 84' lang='lat' dir='ltr'>que,</span> <span class='ocrx_word' id='word_1_218' title='bbox 812 1365 929 1393; x_wconf 75' lang='lat' dir='ltr'>etiamsi</span> <span class='ocrx_word' id='word_1_219' title='bbox 946 1365 1012 1394; x_wconf 84' lang='lat' dir='ltr'>liaec</span> <span class='ocrx_word' id='word_1_220' title='bbox 1026 1365 1097 1402; x_wconf 89' lang='lat' dir='ltr'>jure</span> <span class='ocrx_word' id='word_1_221' title='bbox 1111 1365 1296 1405; x_wconf 77' lang='lat' dir='ltr'>exprobrari</span> 
     </span>
     <span class='ocr_line' id='line_1_42' title="bbox 723 1409 1292 1450; baseline 0.007 -13"><span class='ocrx_word' id='word_1_222' title='bbox 723 1409 798 1438; x_wconf 76' lang='lat' dir='ltr'>mihi</span> <span class='ocrx_word' id='word_1_223' title='bbox 810 1418 953 1450; x_wconf 76' lang='lat' dir='ltr'>possent,</span> <span class='ocrx_word' id='word_1_224' title='bbox 973 1419 1003 1440; x_wconf 84' lang='lat' dir='ltr'>at</span> <span class='ocrx_word' id='word_1_225' title='bbox 1021 1412 1078 1440; x_wconf 85' lang='lat' dir='ltr'>ista</span> <span class='ocrx_word' id='word_1_226' title='bbox 1099 1418 1202 1441; x_wconf 79' lang='lat' dir='ltr'>tamen</span> <span class='ocrx_word' id='word_1_227' title='bbox 1217 1422 1292 1441; x_wconf 88' lang='lat' dir='ltr'>con-</span> 
     </span>
     <span class='ocr_line' id='line_1_43' title="bbox 722 1456 1291 1495; baseline 0.005 -12"><span class='ocrx_word' id='word_1_228' title='bbox 722 1456 800 1484; x_wconf 88' lang='lat' dir='ltr'>vicia</span> <span class='ocrx_word' id='word_1_229' title='bbox 832 1464 914 1486; x_wconf 82' lang='lat' dir='ltr'>certe</span> <span class='ocrx_word' id='word_1_230' title='bbox 944 1468 1009 1487; x_wconf 85' lang='lat' dir='ltr'>uon</span> <span class='ocrx_word' id='word_1_231' title='bbox 1045 1457 1142 1486; x_wconf 86' lang='lat' dir='ltr'>homo</span> <span class='ocrx_word' id='word_1_232' title='bbox 1170 1457 1272 1487; x_wconf 88' lang='lat' dir='ltr'>mollis</span> <span class='ocrx_word' id='word_1_233' title='bbox 1283 1481 1291 1495; x_wconf 82' lang='grc'><strong>,</strong></span> 
     </span>
     <span class='ocr_line' id='line_1_44' title="bbox 720 1502 1293 1543; baseline 0.005 -14"><span class='ocrx_word' id='word_1_234' title='bbox 720 1502 915 1532; x_wconf 80' lang='lat' dir='ltr'>effeminatus</span> <span class='ocrx_word' id='word_1_235' title='bbox 940 1510 970 1532; x_wconf 88' lang='lat' dir='ltr'>et</span> <span class='ocrx_word' id='word_1_236' title='bbox 994 1504 1113 1543; x_wconf 84' lang='lat' dir='ltr'>turpis,</span> <span class='ocrx_word' id='word_1_237' title='bbox 1138 1504 1175 1531; x_wconf 86' lang='lat' dir='ltr'>iis</span> <span class='ocrx_word' id='word_1_238' title='bbox 1193 1504 1293 1533; x_wconf 84' lang='lat' dir='ltr'>facere</span> 
     </span>
     <span class='ocr_line' id='line_1_45' title="bbox 719 1546 1291 1589; baseline 0.007 -14"><span class='ocrx_word' id='word_1_239' title='bbox 719 1546 868 1585; x_wconf 83' lang='lat' dir='ltr'>debehat,</span> <span class='ocrx_word' id='word_1_240' title='bbox 884 1550 939 1588; x_wconf 87' lang='lat' dir='ltr'>qui</span> <span class='ocrx_word' id='word_1_241' title='bbox 953 1557 1027 1578; x_wconf 83' lang='lat' dir='ltr'>sunt</span> <span class='ocrx_word' id='word_1_242' title='bbox 1038 1550 1126 1589; x_wconf 88' lang='lat' dir='ltr'>puris</span> <span class='ocrx_word' id='word_1_243' title='bbox 1138 1550 1291 1587; x_wconf 87' lang='lat' dir='ltr'>moribus,</span> 
     </span>
     <span class='ocr_line' id='line_1_46' title="bbox 718 1591 1291 1635; baseline 0.003 -13"><span class='ocrx_word' id='word_1_244' title='bbox 718 1591 749 1623; x_wconf 88' lang='lat' dir='ltr'>h.</span> <span class='ocrx_word' id='word_1_245' title='bbox 778 1594 871 1631; x_wconf 85' lang='lat' dir='ltr'>mihi;</span> <span class='ocrx_word' id='word_1_246' title='bbox 905 1602 940 1624; x_wconf 89' lang='lat' dir='ltr'>ut</span> <span class='ocrx_word' id='word_1_247' title='bbox 970 1595 1053 1635; x_wconf 82' lang='lat' dir='ltr'>apud</span> <span class='ocrx_word' id='word_1_248' title='bbox 1083 1597 1168 1625; x_wconf 88' lang='lat' dir='ltr'>Suet.</span> <span class='ocrx_word' id='word_1_249' title='bbox 1196 1598 1291 1635; x_wconf 86' lang='lat' dir='ltr'>Vesp.</span> 
     </span>
     <span class='ocr_line' id='line_1_47' title="bbox 720 1641 1290 1681; baseline 0.007 -15"><span class='ocrx_word' id='word_1_250' title='bbox 720 1649 787 1678; x_wconf 85' lang='lat' dir='ltr'>cap.</span> <span class='ocrx_word' id='word_1_251' title='bbox 808 1650 818 1667; x_wconf 93' lang='lat'>1</span> <span class='ocrx_word' id='word_1_252' title='bbox 829 1641 845 1668; x_wconf 82' lang='lat'>3</span> <span class='ocrx_word' id='word_1_253' title='bbox 865 1642 1073 1680; x_wconf 77' lang='lat' dir='ltr'>Vespasianus</span> <span class='ocrx_word' id='word_1_254' title='bbox 1090 1648 1172 1670; x_wconf 84' lang='lat' dir='ltr'>notae</span> <span class='ocrx_word' id='word_1_255' title='bbox 1186 1642 1290 1681; x_wconf 86' lang='lat' dir='ltr'>impu-</span> 
     </span>
     <span class='ocr_line' id='line_1_48' title="bbox 719 1683 1291 1727; baseline 0.007 -15"><span class='ocrx_word' id='word_1_256' title='bbox 719 1683 835 1715; x_wconf 84' lang='lat' dir='ltr'>dicitiae</span> <span class='ocrx_word' id='word_1_257' title='bbox 858 1686 980 1716; x_wconf 85' lang='lat' dir='ltr'>homiui</span> <span class='ocrx_word' id='word_1_258' title='bbox 1006 1686 1175 1727; x_wconf 86' lang='lat' dir='ltr'>respondet</span> <span class='ocrx_word' id='word_1_259' title='bbox 1194 1697 1201 1716; x_wconf 90' lang='lat'>:</span> <span class='ocrx_word' id='word_1_260' title='bbox 1221 1688 1291 1727; x_wconf 79' lang='lat' dir='ltr'>Ego</span> 
     </span>
     <span class='ocr_line' id='line_1_49' title="bbox 720 1732 991 1763; baseline 0.011 -4"><span class='ocrx_word' id='word_1_261' title='bbox 720 1737 827 1760; x_wconf 81' lang='lat' dir='ltr'>tamen</span> <span class='ocrx_word' id='word_1_262' title='bbox 844 1732 899 1761; x_wconf 73' lang='lat' dir='ltr'>vir</span> <span class='ocrx_word' id='word_1_263' title='bbox 912 1743 991 1763; x_wconf 81' lang='lat' dir='ltr'>sum.</span> 
     </span>
    </p>

    <p class='ocr_par' dir='ltr' id='par_1_16' title="bbox 714 1778 1292 2235">
     <span class='ocr_line' id='line_1_50' title="bbox 768 1778 1292 1818; baseline 0.006 -12"><span class='ocrx_word' id='word_1_264' title='bbox 768 1778 796 1807; x_wconf 83' lang='lat'>8.</span> <span class='ocrx_word' id='word_1_265' title='bbox 818 1778 947 1818; x_wconf 81' lang='lat' dir='ltr'>Hirquis</span> <span class='ocrx_word' id='word_1_266' title='bbox 960 1779 1162 1808; x_wconf 83' lang='lat' dir='ltr'>Grammatici</span> <span class='ocrx_word' id='word_1_267' title='bbox 1179 1785 1209 1807; x_wconf 89' lang='lat' dir='ltr'>et</span> <span class='ocrx_word' id='word_1_268' title='bbox 1221 1789 1292 1818; x_wconf 85' lang='lat' dir='ltr'>pars</span> 
     </span>
     <span class='ocr_line' id='line_1_51' title="bbox 719 1823 1291 1865; baseline 0 -13"><span class='ocrx_word' id='word_1_269' title='bbox 719 1823 811 1853; x_wconf 86' lang='lat' dir='ltr'>codd.</span> <span class='ocrx_word' id='word_1_270' title='bbox 833 1825 897 1854; x_wconf 87' lang='lat' dir='ltr'>sive</span> <span class='ocrx_word' id='word_1_271' title='bbox 918 1832 952 1854; x_wconf 80' lang='lat' dir='ltr'>ut</span> <span class='ocrx_word' id='word_1_272' title='bbox 974 1826 1013 1853; x_wconf 84' lang='lat' dir='ltr'>sit</span> <span class='ocrx_word' id='word_1_273' title='bbox 1031 1835 1090 1865; x_wconf 88' lang='lat' dir='ltr'>pro</span> <span class='ocrx_word' id='word_1_274' title='bbox 1113 1823 1225 1859; x_wconf 79' lang='lat' dir='ltr'>hircis,</span> <span class='ocrx_word' id='word_1_275' title='bbox 1244 1824 1291 1853; x_wconf 78' lang='lat' dir='ltr'>di-</span> 
     </span>
     <span class='ocr_line' id='line_1_52' title="bbox 719 1867 1290 1911; baseline 0.004 -13"><span class='ocrx_word' id='word_1_276' title='bbox 719 1880 807 1899; x_wconf 81' lang='lat' dir='ltr'>versa</span> <span class='ocrx_word' id='word_1_277' title='bbox 819 1872 988 1911; x_wconf 78' lang='lat' dir='ltr'>scriptura3</span> <span class='ocrx_word' id='word_1_278' title='bbox 1005 1872 1069 1899; x_wconf 90' lang='lat' dir='ltr'>sive</span> <span class='ocrx_word' id='word_1_279' title='bbox 1082 1877 1118 1898; x_wconf 87' lang='lat' dir='ltr'>ut</span> <span class='ocrx_word' id='word_1_280' title='bbox 1131 1871 1193 1899; x_wconf 87' lang='lat' dir='ltr'>sint</span> <span class='ocrx_word' id='word_1_281' title='bbox 1203 1867 1290 1908; x_wconf 71' lang='grc' dir='ltr'>ἰ’λλΟι,</span> 
     </span>
     <span class='ocr_line' id='line_1_53' title="bbox 720 1915 1292 1956; baseline 0.003 -13"><span class='ocrx_word' id='word_1_282' title='bbox 720 1916 886 1945; x_wconf 87' lang='lat' dir='ltr'>oculorum</span> <span class='ocrx_word' id='word_1_283' title='bbox 901 1917 1016 1956; x_wconf 83' lang='lat' dir='ltr'>anguli.</span> <span class='ocrx_word' id='word_1_284' title='bbox 1032 1915 1183 1944; x_wconf 82' lang='lat' dir='ltr'>Novimus</span> <span class='ocrx_word' id='word_1_285' title='bbox 1194 1923 1225 1944; x_wconf 78' lang='lat' dir='ltr'>et</span> <span class='ocrx_word' id='word_1_286' title='bbox 1236 1916 1292 1956; x_wconf 79' lang='lat' dir='ltr'>qui</span> 
     </span>
     <span class='ocr_line' id='line_1_54' title="bbox 720 1961 1289 2001; baseline 0.002 -12"><span class='ocrx_word' id='word_1_287' title='bbox 720 1968 750 1990; x_wconf 82' lang='lat' dir='ltr'>te</span> <span class='ocrx_word' id='word_1_288' title='bbox 765 1962 830 1991; x_wconf 71' lang='lat' dir='ltr'>scil.</span> <span class='ocrx_word' id='word_1_289' title='bbox 852 1962 1040 2001; x_wconf 77' lang='lat' dir='ltr'>corruperit.</span> <span class='ocrx_word' id='word_1_290' title='bbox 1056 1963 1128 1991; x_wconf 88' lang='lat' dir='ltr'>Non</span> <span class='ocrx_word' id='word_1_291' title='bbox 1142 1972 1190 1991; x_wconf 90' lang='lat' dir='ltr'>me</span> <span class='ocrx_word' id='word_1_292' title='bbox 1205 1961 1289 1999; x_wconf 81' lang='lat' dir='ltr'>latet,</span> 
     </span>
     <span class='ocr_line' id='line_1_55' title="bbox 720 2007 1289 2048; baseline 0.004 -13"><span class='ocrx_word' id='word_1_293' title='bbox 720 2012 750 2035; x_wconf 85' lang='lat' dir='ltr'>te</span> <span class='ocrx_word' id='word_1_294' title='bbox 773 2009 854 2036; x_wconf 83' lang='lat' dir='ltr'>inter</span> <span class='ocrx_word' id='word_1_295' title='bbox 876 2018 997 2048; x_wconf 84' lang='lat' dir='ltr'>greges,</span> <span class='ocrx_word' id='word_1_296' title='bbox 1022 2007 1117 2037; x_wconf 82' lang='lat' dir='ltr'>hircis</span> <span class='ocrx_word' id='word_1_297' title='bbox 1138 2009 1289 2037; x_wconf 81' lang='lat' dir='ltr'>intuemi-</span> 
     </span>
     <span class='ocr_line' id='line_1_56' title="bbox 721 2051 1286 2094; baseline 0.004 -14"><span class='ocrx_word' id='word_1_298' title='bbox 721 2051 795 2089; x_wconf 87' lang='lat' dir='ltr'>bus,</span> <span class='ocrx_word' id='word_1_299' title='bbox 813 2060 842 2083; x_wconf 84' lang='lat' dir='ltr'>et</span> <span class='ocrx_word' id='word_1_300' title='bbox 863 2055 981 2094; x_wconf 86' lang='lat' dir='ltr'>inipso</span> <span class='ocrx_word' id='word_1_301' title='bbox 1001 2054 1113 2083; x_wconf 80' lang='lat' dir='ltr'>sacello</span> <span class='ocrx_word' id='word_1_302' title='bbox 1133 2053 1286 2094; x_wconf 82' lang='lat' dir='ltr'>nympha-</span> 
     </span>
     <span class='ocr_line' id='line_1_57' title="bbox 719 2100 1287 2140; baseline 0.007 -14"><span class='ocrx_word' id='word_1_303' title='bbox 719 2108 789 2127; x_wconf 86' lang='lat' dir='ltr'>rum</span> <span class='ocrx_word' id='word_1_304' title='bbox 805 2101 889 2140; x_wconf 76' lang='lat' dir='ltr'>turpi</span> <span class='ocrx_word' id='word_1_305' title='bbox 899 2100 1030 2130; x_wconf 84' lang='lat' dir='ltr'>libidine</span> <span class='ocrx_word' id='word_1_306' title='bbox 1039 2100 1198 2140; x_wconf 85' lang='lat' dir='ltr'>pollutum</span> <span class='ocrx_word' id='word_1_307' title='bbox 1212 2110 1287 2130; x_wconf 71' lang='lat' dir='ltr'>esse.</span> 
     </span>
     <span class='ocr_line' id='line_1_58' title="bbox 716 2144 1287 2186; baseline 0.002 -13"><span class='ocrx_word' id='word_1_308' title='bbox 716 2144 827 2174; x_wconf 79' lang='lat' dir='ltr'>Hz&#39;rcos</span> <span class='ocrx_word' id='word_1_309' title='bbox 836 2157 890 2176; x_wconf 88' lang='lat' dir='ltr'>seu</span> <span class='ocrx_word' id='word_1_310' title='bbox 900 2146 1025 2186; x_wconf 76' lang='lat' dir='ltr'>lzirquos</span> <span class='ocrx_word' id='word_1_311' title='bbox 1038 2147 1129 2176; x_wconf 83' lang='lat' dir='ltr'>multi</span> <span class='ocrx_word' id='word_1_312' title='bbox 1143 2157 1181 2175; x_wconf 82' lang='lat' dir='ltr'>ex</span> <span class='ocrx_word' id='word_1_313' title='bbox 1195 2147 1287 2175; x_wconf 84' lang='lat' dir='ltr'>inter-</span> 
     </span>
     <span class='ocr_line' id='line_1_59' title="bbox 714 2191 1284 2235; baseline 0 -14"><span class='ocrx_word' id='word_1_314' title='bbox 714 2191 820 2230; x_wconf 80' lang='lat' dir='ltr'>polato</span> <span class='ocrx_word' id='word_1_315' title='bbox 827 2194 934 2224; x_wconf 86' lang='lat' dir='ltr'>Servio</span> <span class='ocrx_word' id='word_1_316' title='bbox 941 2193 979 2225; x_wconf 89' lang='lat' dir='ltr'>de</span> <span class='ocrx_word' id='word_1_317' title='bbox 990 2193 1110 2235; x_wconf 78' lang='lat' dir='ltr'>angulis</span> <span class='ocrx_word' id='word_1_318' title='bbox 1117 2192 1284 2223; x_wconf 81' lang='lat' dir='ltr'>oculorum</span> 
     </span>
    </p>
   </div>
   <div class='ocr_carea' id='block_1_11' title="bbox 1117 2256 1158 2295">
    <p class='ocr_par' dir='ltr' id='par_1_17' title="bbox 1117 2256 1158 2295">
     <span class='ocr_line' id='line_1_60' title="bbox 1117 2256 1158 2295; baseline 0 -22"><span class='ocrx_word' id='word_1_319' title='bbox 1117 2256 1158 2295; x_wconf 63' lang='lat'>3.</span> 
     </span>
    </p>
   </div>
  </div>
 </body>
</html>
