<?xml version="1.0" encoding="UTF-8"?>
<!DOCTYPE html PUBLIC "-//W3C//DTD XHTML 1.0 Transitional//EN"
    "http://www.w3.org/TR/xhtml1/DTD/xhtml1-transitional.dtd">
<html xmlns="http://www.w3.org/1999/xhtml" xml:lang="en" lang="en">
 <head>
  <title>
</title>
<meta http-equiv="Content-Type" content="text/html;charset=utf-8" />
  <meta name='ocr-system' content='tesseract 3.04.00' />
  <meta name='ocr-capabilities' content='ocr_page ocr_carea ocr_par ocr_line ocrx_word'/>
</head>
<body>
  <div class='ocr_page' id='page_1' title='image "./operahey01virguoft_0425.png"; bbox 0 0 1377 2428; ppageno 0'>
   <div class='ocr_carea' id='block_1_1' title="bbox 552 120 748 149">
    <p class='ocr_par' dir='ltr' id='par_1_1' title="bbox 552 120 748 149">
     <span class='ocr_line' id='line_1_1' title="bbox 552 120 748 149; baseline -0.01 0"><span class='ocrx_word' id='word_1_1' title='bbox 552 120 670 149; x_wconf 72' lang='lat' dir='ltr'>LIBER</span> <span class='ocrx_word' id='word_1_2' title='bbox 694 120 748 148; x_wconf 63' lang='lat'>1¹5.</span> 
     </span>
    </p>
   </div>
   <div class='ocr_carea' id='block_1_2' title="bbox 1175 118 1230 155">
    <p class='ocr_par' dir='ltr' id='par_1_2' title="bbox 1175 118 1230 155">
     <span class='ocr_line' id='line_1_2' title="bbox 1175 118 1230 155; baseline -0.036 -10"><span class='ocrx_word' id='word_1_3' title='bbox 1175 118 1230 155; x_wconf 70' lang='lat'>391</span> 
     </span>
    </p>
   </div>
   <div class='ocr_carea' id='block_1_3' title="bbox 54 172 1232 816">
    <p class='ocr_par' dir='ltr' id='par_1_3' title="bbox 57 172 1155 224">
     <span class='ocr_line' id='line_1_3' title="bbox 57 172 1155 224; baseline -0.004 -12"><span class='ocrx_word' id='word_1_4' title='bbox 57 177 192 224; x_wconf 75' lang='lat' dir='ltr'>Lydia,</span> <span class='ocrx_word' id='word_1_5' title='bbox 210 190 277 211; x_wconf 78' lang='lat' dir='ltr'>nec.</span> <span class='ocrx_word' id='word_1_6' title='bbox 295 175 424 224; x_wconf 77' lang='lat' dir='ltr'>populi</span> <span class='ocrx_word' id='word_1_7' title='bbox 445 174 688 219; x_wconf 73' lang='lat' dir='ltr'>Parthorum,</span> <span class='ocrx_word' id='word_1_8' title='bbox 709 182 776 210; x_wconf 85' lang='lat' dir='ltr'>aut</span> <span class='ocrx_word' id='word_1_9' title='bbox 793 173 927 209; x_wconf 73' lang='lat' dir='ltr'>Medus</span> <span class='ocrx_word' id='word_1_10' title='bbox 944 172 1155 222; x_wconf 65' lang='lat' dir='ltr'>Hydaspes,</span> 
     </span>
    </p>

    <p class='ocr_par' dir='ltr' id='par_1_4' title="bbox 58 233 1104 283">
     <span class='ocr_line' id='line_1_4' title="bbox 58 233 1104 283; baseline -0.005 -11"><span class='ocrx_word' id='word_1_11' title='bbox 58 235 280 272; x_wconf 75' lang='lat' dir='ltr'>Observant.</span> <span class='ocrx_word' id='word_1_12' title='bbox 302 237 402 283; x_wconf 82' lang='lat' dir='ltr'><strong>Rege</strong></span> <span class='ocrx_word' id='word_1_13' title='bbox 417 233 613 279; x_wconf 82' lang='lat' dir='ltr'>incolumi,</span> <span class='ocrx_word' id='word_1_14' title='bbox 630 246 732 269; x_wconf 79' lang='lat' dir='ltr'>mens</span> <span class='ocrx_word' id='word_1_15' title='bbox 748 233 919 269; x_wconf 82' lang='lat' dir='ltr'>omnibus</span> <span class='ocrx_word' id='word_1_16' title='bbox 939 245 1013 268; x_wconf 82' lang='lat' dir='ltr'>uua</span> <span class='ocrx_word' id='word_1_17' title='bbox 1032 241 1104 278; x_wconf 78' lang='lat' dir='ltr'>cst;</span> 
     </span>
    </p>

    <p class='ocr_par' dir='ltr' id='par_1_5' title="bbox 55 292 958 342">
     <span class='ocr_line' id='line_1_5' title="bbox 55 292 958 342; baseline -0.002 -12"><span class='ocrx_word' id='word_1_18' title='bbox 55 295 221 339; x_wconf 81' lang='lat' dir='ltr'>Amisso,</span> <span class='ocrx_word' id='word_1_19' title='bbox 237 306 371 342; x_wconf 78' lang='lat' dir='ltr'>rupere</span> <span class='ocrx_word' id='word_1_20' title='bbox 394 293 523 337; x_wconf 85' lang='lat' dir='ltr'>fidem,</span> <span class='ocrx_word' id='word_1_21' title='bbox 543 301 830 341; x_wconf 78' lang='lat' dir='ltr'>constructaque</span> <span class='ocrx_word' id='word_1_22' title='bbox 848 292 958 328; x_wconf 83' lang='lat' dir='ltr'>mella</span> 
     </span>
    </p>

    <p class='ocr_par' dir='ltr' id='par_1_6' title="bbox 54 351 939 401">
     <span class='ocr_line' id='line_1_6' title="bbox 54 351 939 401; baseline -0.002 -13"><span class='ocrx_word' id='word_1_23' title='bbox 54 353 255 401; x_wconf 77' lang='lat' dir='ltr'>Diripuere</span> <span class='ocrx_word' id='word_1_24' title='bbox 270 352 377 401; x_wconf 81' lang='lat' dir='ltr'>ipsae,</span> <span class='ocrx_word' id='word_1_25' title='bbox 399 360 435 387; x_wconf 89' lang='lat' dir='ltr'>et</span> <span class='ocrx_word' id='word_1_26' title='bbox 452 360 570 388; x_wconf 83' lang='lat' dir='ltr'>crates</span> <span class='ocrx_word' id='word_1_27' title='bbox 591 351 735 387; x_wconf 81' lang='lat' dir='ltr'>solvere</span> <span class='ocrx_word' id='word_1_28' title='bbox 757 352 939 387; x_wconf 76' lang='lat' dir='ltr'>favorum.</span> 
     </span>
    </p>

    <p class='ocr_par' dir='ltr' id='par_1_7' title="bbox 55 411 1232 460">
     <span class='ocr_line' id='line_1_7' title="bbox 55 411 1232 460; baseline -0.003 -12"><span class='ocrx_word' id='word_1_29' title='bbox 55 413 122 448; x_wconf 84' lang='lat' dir='ltr'>Ille</span> <span class='ocrx_word' id='word_1_30' title='bbox 138 424 293 460; x_wconf 88' lang='lat' dir='ltr'>operum</span> <span class='ocrx_word' id='word_1_31' title='bbox 310 419 450 456; x_wconf 80' lang='lat' dir='ltr'>custos;</span> <span class='ocrx_word' id='word_1_32' title='bbox 468 411 571 447; x_wconf 87' lang='lat' dir='ltr'>illum</span> <span class='ocrx_word' id='word_1_33' title='bbox 591 411 842 455; x_wconf 81' lang='lat' dir='ltr'>admirantur,</span> <span class='ocrx_word' id='word_1_34' title='bbox 860 420 895 446; x_wconf 89' lang='lat' dir='ltr'>et</span> <span class='ocrx_word' id='word_1_35' title='bbox 916 422 1043 458; x_wconf 80' lang='lat' dir='ltr'>omnes</span> <span class='ocrx_word' id='word_1_36' title='bbox 1187 418 1232 441; x_wconf 77' lang='lat'>215</span> 
     </span>
    </p>

    <p class='ocr_par' dir='ltr' id='par_1_8' title="bbox 55 468 1094 517">
     <span class='ocr_line' id='line_1_8' title="bbox 55 468 1094 517; baseline -0.003 -10"><span class='ocrx_word' id='word_1_37' title='bbox 55 471 302 508; x_wconf 80' lang='lat' dir='ltr'>Circumstant</span> <span class='ocrx_word' id='word_1_38' title='bbox 318 469 467 505; x_wconf 82' lang='lat' dir='ltr'>fremitu</span> <span class='ocrx_word' id='word_1_39' title='bbox 484 468 616 514; x_wconf 83' lang='lat' dir='ltr'>denso,</span> <span class='ocrx_word' id='word_1_40' title='bbox 634 470 847 517; x_wconf 85' lang='lat' dir='ltr'>stipantque</span> <span class='ocrx_word' id='word_1_41' title='bbox 863 469 1094 517; x_wconf 81' lang='lat' dir='ltr'>frequentes;</span> 
     </span>
    </p>

    <p class='ocr_par' dir='ltr' id='par_1_9' title="bbox 56 528 961 578">
     <span class='ocr_line' id='line_1_9' title="bbox 56 528 961 578; baseline -0.003 -12"><span class='ocrx_word' id='word_1_42' title='bbox 56 533 101 566; x_wconf 89' lang='lat' dir='ltr'>Et</span> <span class='ocrx_word' id='word_1_43' title='bbox 116 543 213 578; x_wconf 80' lang='lat' dir='ltr'>saepe</span> <span class='ocrx_word' id='word_1_44' title='bbox 233 529 415 564; x_wconf 83' lang='lat' dir='ltr'>adtollunt</span> <span class='ocrx_word' id='word_1_45' title='bbox 431 528 615 573; x_wconf 86' lang='lat' dir='ltr'>humeris,</span> <span class='ocrx_word' id='word_1_46' title='bbox 632 538 668 564; x_wconf 84' lang='lat' dir='ltr'>et</span> <span class='ocrx_word' id='word_1_47' title='bbox 686 541 845 577; x_wconf 82' lang='lat' dir='ltr'>corpora</span> <span class='ocrx_word' id='word_1_48' title='bbox 862 528 961 564; x_wconf 85' lang='lat' dir='ltr'>bello</span> 
     </span>
    </p>

    <p class='ocr_par' dir='ltr' id='par_1_10' title="bbox 56 587 1154 696">
     <span class='ocr_line' id='line_1_10' title="bbox 56 587 1154 639; baseline -0.002 -13"><span class='ocrx_word' id='word_1_49' title='bbox 56 590 254 639; x_wconf 80' lang='lat' dir='ltr'>Objectant</span> <span class='ocrx_word' id='word_1_50' title='bbox 265 617 274 633; x_wconf 90' lang='lat'>,</span> <span class='ocrx_word' id='word_1_51' title='bbox 290 587 559 637; x_wconf 81' lang='lat' dir='ltr'>pulchramque</span> <span class='ocrx_word' id='word_1_52' title='bbox 580 595 710 636; x_wconf 72' lang='lat' dir='ltr'>petunt</span> <span class='ocrx_word' id='word_1_53' title='bbox 728 601 797 636; x_wconf 85' lang='lat' dir='ltr'>per</span> <span class='ocrx_word' id='word_1_54' title='bbox 813 588 968 623; x_wconf 71' lang='lat' dir='ltr'>volnera</span> <span class='ocrx_word' id='word_1_55' title='bbox 985 596 1154 624; x_wconf 87' lang='lat' dir='ltr'>mortem.</span> 
     </span>
     <span class='ocr_line' id='line_1_11' title="bbox 109 646 1091 696; baseline -0.002 -12"><span class='ocrx_word' id='word_1_56' title='bbox 109 649 174 684; x_wconf 88' lang='lat' dir='ltr'>His</span> <span class='ocrx_word' id='word_1_57' title='bbox 192 647 343 696; x_wconf 82' lang='lat' dir='ltr'>quidam</span> <span class='ocrx_word' id='word_1_58' title='bbox 359 646 488 694; x_wconf 80' lang='lat' dir='ltr'>signis,</span> <span class='ocrx_word' id='word_1_59' title='bbox 509 654 619 694; x_wconf 82' lang='lat' dir='ltr'>atque</span> <span class='ocrx_word' id='word_1_60' title='bbox 639 646 717 682; x_wconf 81' lang='lat' dir='ltr'>haec</span> <span class='ocrx_word' id='word_1_61' title='bbox 737 646 905 694; x_wconf 79' lang='lat' dir='ltr'>exempla</span> <span class='ocrx_word' id='word_1_62' title='bbox 924 647 1091 695; x_wconf 80' lang='lat' dir='ltr'>sequuti,</span> 
     </span>
    </p>

    <p class='ocr_par' dir='ltr' id='par_1_11' title="bbox 56 705 1232 757">
     <span class='ocr_line' id='line_1_12' title="bbox 56 705 1232 757; baseline -0.007 -11"><span class='ocrx_word' id='word_1_63' title='bbox 56 712 143 746; x_wconf 82' lang='lat' dir='ltr'>Esse</span> <span class='ocrx_word' id='word_1_64' title='bbox 161 708 292 757; x_wconf 78' lang='lat' dir='ltr'>apibus</span> <span class='ocrx_word' id='word_1_65' title='bbox 313 714 456 756; x_wconf 82' lang='lat' dir='ltr'>partem</span> <span class='ocrx_word' id='word_1_66' title='bbox 474 706 608 742; x_wconf 78' lang='lat' dir='ltr'>divinae</span> <span class='ocrx_word' id='word_1_67' title='bbox 628 707 776 752; x_wconf 84' lang='lat' dir='ltr'>mentis,</span> <span class='ocrx_word' id='word_1_68' title='bbox 795 715 832 742; x_wconf 87' lang='lat' dir='ltr'>et</span> <span class='ocrx_word' id='word_1_69' title='bbox 846 705 1001 743; x_wconf 78' lang='lat' dir='ltr'>haustus</span> <span class='ocrx_word' id='word_1_70' title='bbox 1189 724 1232 739; x_wconf 51' lang='grc' dir='ltr'>κιο</span> 
     </span>
    </p>

    <p class='ocr_par' dir='ltr' id='par_1_12' title="bbox 55 766 1013 816">
     <span class='ocr_line' id='line_1_13' title="bbox 55 766 1013 816; baseline -0.004 -10"><span class='ocrx_word' id='word_1_71' title='bbox 55 769 242 805; x_wconf 81' lang='lat' dir='ltr'>AEtherios</span> <span class='ocrx_word' id='word_1_72' title='bbox 262 766 407 812; x_wconf 79' lang='lat' dir='ltr'>dixere3</span> <span class='ocrx_word' id='word_1_73' title='bbox 429 766 540 802; x_wconf 89' lang='lat' dir='ltr'>deum</span> <span class='ocrx_word' id='word_1_74' title='bbox 557 779 717 815; x_wconf 85' lang='lat' dir='ltr'>namque</span> <span class='ocrx_word' id='word_1_75' title='bbox 737 766 791 802; x_wconf 83' lang='lat' dir='ltr'>ire</span> <span class='ocrx_word' id='word_1_76' title='bbox 809 779 876 816; x_wconf 87' lang='lat' dir='ltr'>per</span> <span class='ocrx_word' id='word_1_77' title='bbox 894 766 1013 802; x_wconf 87' lang='lat' dir='ltr'>omnis</span> 
     </span>
    </p>
   </div>
   <div class='ocr_carea' id='block_1_4' title="bbox 24 931 617 2253">
    <p class='ocr_par' dir='ltr' id='par_1_13' title="bbox 24 931 617 2026">
     <span class='ocr_line' id='line_1_14' title="bbox 56 931 617 969; baseline 0.004 -9"><span class='ocrx_word' id='word_1_78' title='bbox 56 932 141 969; x_wconf 87' lang='lat' dir='ltr'>bito,</span> <span class='ocrx_word' id='word_1_79' title='bbox 167 931 221 961; x_wconf 87' lang='lat' dir='ltr'>sed</span> <span class='ocrx_word' id='word_1_80' title='bbox 244 932 282 961; x_wconf 82' lang='lat' dir='ltr'>ad</span> <span class='ocrx_word' id='word_1_81' title='bbox 304 933 401 963; x_wconf 86' lang='lat' dir='ltr'>Croesi</span> <span class='ocrx_word' id='word_1_82' title='bbox 421 933 567 963; x_wconf 78' lang='lat' dir='ltr'>victorias</span> <span class='ocrx_word' id='word_1_83' title='bbox 588 940 617 962; x_wconf 85' lang='lat' dir='ltr'>et</span> 
     </span>
     <span class='ocr_line' id='line_1_15' title="bbox 56 978 617 1018; baseline 0.004 -12"><span class='ocrx_word' id='word_1_84' title='bbox 56 988 140 1017; x_wconf 87' lang='lat' dir='ltr'>opes.</span> <span class='ocrx_word' id='word_1_85' title='bbox 179 978 290 1007; x_wconf 71' lang='grc' dir='ltr'>,Μεᾱιις</span> <span class='ocrx_word' id='word_1_86' title='bbox 314 979 494 1018; x_wconf 76' lang='lat' dir='ltr'><em>Hydaspes,</em></span> <span class='ocrx_word' id='word_1_87' title='bbox 521 989 617 1018; x_wconf 81' lang='lat' dir='ltr'>nego-</span> 
     </span>
     <span class='ocr_line' id='line_1_16' title="bbox 55 1024 617 1064; baseline 0.002 -12"><span class='ocrx_word' id='word_1_88' title='bbox 55 1024 134 1052; x_wconf 76' lang='lat' dir='ltr'>tium</span> <span class='ocrx_word' id='word_1_89' title='bbox 156 1024 231 1052; x_wconf 85' lang='lat' dir='ltr'>facit</span> <span class='ocrx_word' id='word_1_90' title='bbox 252 1026 356 1064; x_wconf 84' lang='lat' dir='ltr'>Intpp.</span> <span class='ocrx_word' id='word_1_91' title='bbox 383 1027 436 1054; x_wconf 84' lang='lat' dir='ltr'>Est</span> <span class='ocrx_word' id='word_1_92' title='bbox 460 1026 543 1054; x_wconf 87' lang='lat' dir='ltr'>enim</span> <span class='ocrx_word' id='word_1_93' title='bbox 565 1026 617 1053; x_wconf 91' lang='lat' dir='ltr'>In-</span> 
     </span>
     <span class='ocr_line' id='line_1_17' title="bbox 56 1069 617 1110; baseline 0 -12"><span class='ocrx_word' id='word_1_94' title='bbox 56 1069 115 1098; x_wconf 82' lang='lat' dir='ltr'>diae</span> <span class='ocrx_word' id='word_1_95' title='bbox 138 1069 271 1107; x_wconf 72' lang='lat' dir='ltr'>fluvius,</span> <span class='ocrx_word' id='word_1_96' title='bbox 300 1071 351 1098; x_wconf 83' lang='lat' dir='ltr'>cui</span> <span class='ocrx_word' id='word_1_97' title='bbox 373 1070 534 1110; x_wconf 78' lang='lat' dir='ltr'><strong>epitheton</strong></span> <span class='ocrx_word' id='word_1_98' title='bbox 552 1072 617 1099; x_wconf 77' lang='lat' dir='ltr'>Me-</span> 
     </span>
     <span class='ocr_line' id='line_1_18' title="bbox 55 1115 613 1155; baseline 0.004 -12"><span class='ocrx_word' id='word_1_99' title='bbox 55 1115 112 1143; x_wconf 75' lang='lat' dir='ltr'>dus</span> <span class='ocrx_word' id='word_1_100' title='bbox 140 1125 251 1155; x_wconf 85' lang='lat' dir='ltr'>parum</span> <span class='ocrx_word' id='word_1_101' title='bbox 284 1117 452 1145; x_wconf 81' lang='lat' dir='ltr'>convenire</span> <span class='ocrx_word' id='word_1_102' title='bbox 480 1115 613 1145; x_wconf 55' lang='lat' dir='ltr'>xidetur.</span> 
     </span>
     <span class='ocr_line' id='line_1_19' title="bbox 54 1161 615 1200; baseline 0.002 -11"><span class='ocrx_word' id='word_1_103' title='bbox 54 1162 162 1200; x_wconf 70' lang='lat' dir='ltr'>Itaque</span> <span class='ocrx_word' id='word_1_104' title='bbox 183 1168 255 1200; x_wconf 86' lang='lat' dir='ltr'>post</span> <span class='ocrx_word' id='word_1_105' title='bbox 280 1163 423 1191; x_wconf 79' lang='lat' dir='ltr'>Servium</span> <span class='ocrx_word' id='word_1_106' title='bbox 449 1163 483 1191; x_wconf 89' lang='lat' dir='ltr'>in</span> <span class='ocrx_word' id='word_1_107' title='bbox 510 1161 615 1191; x_wconf 80' lang='lat' dir='ltr'>Media</span> 
     </span>
     <span class='ocr_line' id='line_1_20' title="bbox 54 1206 614 1246; baseline 0.002 -11"><span class='ocrx_word' id='word_1_108' title='bbox 54 1208 222 1246; x_wconf 79' lang='lat' dir='ltr'>quaesivere</span> <span class='ocrx_word' id='word_1_109' title='bbox 249 1206 366 1236; x_wconf 86' lang='lat' dir='ltr'>flumen</span> <span class='ocrx_word' id='word_1_110' title='bbox 390 1207 483 1244; x_wconf 82' lang='lat' dir='ltr'>hujus</span> <span class='ocrx_word' id='word_1_111' title='bbox 512 1208 614 1236; x_wconf 87' lang='lat' dir='ltr'>nomi-</span> 
     </span>
     <span class='ocr_line' id='line_1_21' title="bbox 53 1252 614 1293; baseline 0.002 -12"><span class='ocrx_word' id='word_1_112' title='bbox 53 1253 118 1288; x_wconf 79' lang='lat' dir='ltr'>nis,</span> <span class='ocrx_word' id='word_1_113' title='bbox 135 1252 174 1281; x_wconf 88' lang='lat' dir='ltr'>de</span> <span class='ocrx_word' id='word_1_114' title='bbox 189 1262 252 1291; x_wconf 90' lang='lat' dir='ltr'>quo</span> <span class='ocrx_word' id='word_1_115' title='bbox 269 1259 370 1282; x_wconf 77' lang='lat' dir='ltr'>tamen</span> <span class='ocrx_word' id='word_1_116' title='bbox 384 1253 563 1293; x_wconf 83' lang='lat' dir='ltr'>Geographi</span> <span class='ocrx_word' id='word_1_117' title='bbox 576 1255 614 1282; x_wconf 87' lang='lat' dir='ltr'>si-</span> 
     </span>
     <span class='ocr_line' id='line_1_22' title="bbox 53 1298 615 1338; baseline 0 -11"><span class='ocrx_word' id='word_1_118' title='bbox 53 1298 129 1328; x_wconf 82' lang='lat' dir='ltr'><strong>lent.</strong></span> <span class='ocrx_word' id='word_1_119' title='bbox 155 1298 248 1327; x_wconf 89' lang='lat' dir='ltr'>Haud</span> <span class='ocrx_word' id='word_1_120' title='bbox 274 1298 368 1328; x_wconf 86' lang='lat' dir='ltr'>dubie</span> <span class='ocrx_word' id='word_1_121' title='bbox 392 1305 482 1338; x_wconf 82' lang='lat' dir='ltr'>poeta</span> <span class='ocrx_word' id='word_1_122' title='bbox 493 1321 500 1335; x_wconf 89' lang='lat'>‚</span> <span class='ocrx_word' id='word_1_123' title='bbox 534 1299 615 1328; x_wconf 85' lang='lat' dir='ltr'>forte</span> 
     </span>
     <span class='ocr_line' id='line_1_23' title="bbox 54 1344 611 1384; baseline 0.004 -12"><span class='ocrx_word' id='word_1_124' title='bbox 54 1344 156 1373; x_wconf 81' lang='lat' dir='ltr'>Graeci</span> <span class='ocrx_word' id='word_1_125' title='bbox 177 1344 309 1381; x_wconf 79' lang='lat' dir='ltr'>alicujus</span> <span class='ocrx_word' id='word_1_126' title='bbox 326 1351 426 1384; x_wconf 82' lang='lat' dir='ltr'>poetae</span> <span class='ocrx_word' id='word_1_127' title='bbox 448 1345 611 1384; x_wconf 75' lang='lat' dir='ltr'>exemplo,</span> 
     </span>
     <span class='ocr_line' id='line_1_24' title="bbox 53 1389 614 1430; baseline 0.002 -12"><span class='ocrx_word' id='word_1_128' title='bbox 53 1390 227 1430; x_wconf 81' lang='lat' dir='ltr'>designasse</span> <span class='ocrx_word' id='word_1_129' title='bbox 243 1389 367 1419; x_wconf 76' lang='lat' dir='ltr'>videtur</span> <span class='ocrx_word' id='word_1_130' title='bbox 381 1391 548 1430; x_wconf 84' lang='lat' dir='ltr'>imperium</span> <span class='ocrx_word' id='word_1_131' title='bbox 565 1401 614 1420; x_wconf 80' lang='lat' dir='ltr'>ve-</span> 
     </span>
     <span class='ocr_line' id='line_1_25' title="bbox 52 1434 613 1474; baseline 0.002 -10"><span class='ocrx_word' id='word_1_132' title='bbox 52 1443 155 1465; x_wconf 84' lang='lat' dir='ltr'>terum</span> <span class='ocrx_word' id='word_1_133' title='bbox 174 1438 354 1472; x_wconf 83' lang='lat' dir='ltr'>Persarum,</span> <span class='ocrx_word' id='word_1_134' title='bbox 372 1437 460 1474; x_wconf 88' lang='lat' dir='ltr'>cujus</span> <span class='ocrx_word' id='word_1_135' title='bbox 475 1434 554 1465; x_wconf 81' lang='lat' dir='ltr'>fines</span> <span class='ocrx_word' id='word_1_136' title='bbox 575 1436 613 1465; x_wconf 86' lang='lat' dir='ltr'>ad</span> 
     </span>
     <span class='ocr_line' id='line_1_26' title="bbox 52 1480 610 1521; baseline 0.002 -11"><span class='ocrx_word' id='word_1_137' title='bbox 52 1480 150 1511; x_wconf 82' lang='lat' dir='ltr'>Indiae</span> <span class='ocrx_word' id='word_1_138' title='bbox 162 1481 247 1511; x_wconf 78' lang='lat' dir='ltr'>illam</span> <span class='ocrx_word' id='word_1_139' title='bbox 260 1488 378 1520; x_wconf 84' lang='lat' dir='ltr'>partem</span> <span class='ocrx_word' id='word_1_140' title='bbox 393 1482 592 1521; x_wconf 80' lang='lat' dir='ltr'><strong>pertinebant</strong></span> <span class='ocrx_word' id='word_1_141' title='bbox 602 1504 610 1518; x_wconf 94' lang='lat'>‚</span> 
     </span>
     <span class='ocr_line' id='line_1_27' title="bbox 50 1527 612 1567; baseline 0.002 -11"><span class='ocrx_word' id='word_1_142' title='bbox 50 1529 86 1556; x_wconf 88' lang='lat' dir='ltr'>iu</span> <span class='ocrx_word' id='word_1_143' title='bbox 103 1537 165 1567; x_wconf 81' lang='lat' dir='ltr'>qua</span> <span class='ocrx_word' id='word_1_144' title='bbox 184 1527 346 1567; x_wconf 68' lang='lat' dir='ltr'>Hydaspes</span> <span class='ocrx_word' id='word_1_145' title='bbox 366 1534 439 1557; x_wconf 85' lang='lat' dir='ltr'>erat.</span> <span class='ocrx_word' id='word_1_146' title='bbox 462 1530 522 1557; x_wconf 86' lang='lat' dir='ltr'>Pro</span> <span class='ocrx_word' id='word_1_147' title='bbox 545 1530 612 1557; x_wconf 87' lang='lat' dir='ltr'>Per-</span> 
     </span>
     <span class='ocr_line' id='line_1_28' title="bbox 51 1574 611 1613; baseline 0.002 -11"><span class='ocrx_word' id='word_1_148' title='bbox 51 1574 117 1602; x_wconf 80' lang='lat' dir='ltr'>sico</span> <span class='ocrx_word' id='word_1_149' title='bbox 131 1574 252 1613; x_wconf 86' lang='lat' dir='ltr'>itaque,</span> <span class='ocrx_word' id='word_1_150' title='bbox 276 1583 331 1602; x_wconf 81' lang='lat' dir='ltr'>seu</span> <span class='ocrx_word' id='word_1_151' title='bbox 354 1574 459 1610; x_wconf 84' lang='lat' dir='ltr'>Persa,</span> <span class='ocrx_word' id='word_1_152' title='bbox 482 1574 611 1603; x_wconf 61' lang='lat' dir='ltr'>Bledum</span> 
     </span>
     <span class='ocr_line' id='line_1_29' title="bbox 51 1619 610 1658; baseline 0 -10"><span class='ocrx_word' id='word_1_153' title='bbox 51 1629 175 1648; x_wconf 86' lang='lat' dir='ltr'>amnem</span> <span class='ocrx_word' id='word_1_154' title='bbox 187 1620 312 1658; x_wconf 82' lang='lat' dir='ltr'>poetico</span> <span class='ocrx_word' id='word_1_155' title='bbox 327 1629 412 1648; x_wconf 88' lang='lat' dir='ltr'>more</span> <span class='ocrx_word' id='word_1_156' title='bbox 428 1619 610 1658; x_wconf 81' lang='lat' dir='ltr'>appellavit,</span> 
     </span>
     <span class='ocr_line' id='line_1_30' title="bbox 52 1664 611 1702; baseline 0 -8"><span class='ocrx_word' id='word_1_157' title='bbox 52 1672 87 1694; x_wconf 83' lang='lat' dir='ltr'>ut</span> <span class='ocrx_word' id='word_1_158' title='bbox 103 1666 210 1694; x_wconf 82' lang='lat' dir='ltr'>Horat.</span> <span class='ocrx_word' id='word_1_159' title='bbox 225 1664 285 1695; x_wconf 87' lang='lat' dir='ltr'>Od.</span> <span class='ocrx_word' id='word_1_160' title='bbox 301 1666 315 1693; x_wconf 98' lang='lat' dir='ltr'>I</span> <span class='ocrx_word' id='word_1_161' title='bbox 327 1688 334 1702; x_wconf 85' lang='lat'>‚</span> <span class='ocrx_word' id='word_1_162' title='bbox 354 1675 390 1701; x_wconf 85' lang='lat'>2,</span> <span class='ocrx_word' id='word_1_163' title='bbox 408 1665 447 1694; x_wconf 82' lang='lat'>51</span> <span class='ocrx_word' id='word_1_164' title='bbox 467 1671 498 1694; x_wconf 87' lang='lat' dir='ltr'>et</span> <span class='ocrx_word' id='word_1_165' title='bbox 514 1665 551 1694; x_wconf 89' lang='lat' dir='ltr'>al.</span> <span class='ocrx_word' id='word_1_166' title='bbox 565 1683 611 1688; x_wconf 75' lang='lat'>-—</span> 
     </span>
     <span class='ocr_line' id='line_1_31' title="bbox 24 1709 609 1750; baseline 0.003 -11"><span class='ocrx_word' id='word_1_167' title='bbox 24 1709 33 1716; x_wconf 83' lang='lat'>&#39;</span> <span class='ocrx_word' id='word_1_168' title='bbox 54 1720 117 1739; x_wconf 84' lang='lat'>212</span> <span class='ocrx_word' id='word_1_169' title='bbox 130 1734 138 1747; x_wconf 90' lang='lat'>,</span> <span class='ocrx_word' id='word_1_170' title='bbox 170 1711 245 1740; x_wconf 82' lang='lat'>213.</span> <span class='ocrx_word' id='word_1_171' title='bbox 267 1712 407 1750; x_wconf 83' lang='lat' dir='ltr'>Respicit</span> <span class='ocrx_word' id='word_1_172' title='bbox 427 1711 533 1739; x_wconf 86' lang='lat' dir='ltr'>locum</span> <span class='ocrx_word' id='word_1_173' title='bbox 557 1713 609 1741; x_wconf 89' lang='lat' dir='ltr'>Se-</span> 
     </span>
     <span class='ocr_line' id='line_1_32' title="bbox 50 1755 609 1793; baseline 0.002 -8"><span class='ocrx_word' id='word_1_174' title='bbox 50 1766 127 1785; x_wconf 85' lang='lat' dir='ltr'>neca</span> <span class='ocrx_word' id='word_1_175' title='bbox 143 1755 182 1786; x_wconf 83' lang='lat' dir='ltr'>de</span> <span class='ocrx_word' id='word_1_176' title='bbox 199 1756 348 1786; x_wconf 84' lang='lat' dir='ltr'>Clement.</span> <span class='ocrx_word' id='word_1_177' title='bbox 371 1758 401 1793; x_wconf 90' lang='lat'>1,</span> <span class='ocrx_word' id='word_1_178' title='bbox 426 1762 455 1791; x_wconf 78' lang='grc'>4.</span> <span class='ocrx_word' id='word_1_179' title='bbox 471 1773 517 1778; x_wconf 89' lang='lat'>—-</span> <span class='ocrx_word' id='word_1_180' title='bbox 533 1763 609 1792; x_wconf 78' lang='lat'>214.</span> 
     </span>
     <span class='ocr_line' id='line_1_33' title="bbox 54 1801 608 1842; baseline 0.002 -12"><span class='ocrx_word' id='word_1_181' title='bbox 54 1801 160 1831; x_wconf 80' lang='lat' dir='ltr'>Crates</span> <span class='ocrx_word' id='word_1_182' title='bbox 176 1801 325 1842; x_wconf 77' lang='lat' dir='ltr'>favorum</span> <span class='ocrx_word' id='word_1_183' title='bbox 336 1824 345 1837; x_wconf 93' lang='lat'>‚</span> <span class='ocrx_word' id='word_1_184' title='bbox 378 1812 436 1842; x_wconf 87' lang='lat' dir='ltr'>pro</span> <span class='ocrx_word' id='word_1_185' title='bbox 462 1803 554 1831; x_wconf 80' lang='lat' dir='ltr'>textis</span> <span class='ocrx_word' id='word_1_186' title='bbox 578 1814 608 1832; x_wconf 89' lang='lat' dir='ltr'>v.</span> 
     </span>
     <span class='ocr_line' id='line_1_34' title="bbox 51 1848 611 1887; baseline 0 -11"><span class='ocrx_word' id='word_1_187' title='bbox 51 1848 108 1877; x_wconf 87' lang='lat' dir='ltr'>Ge.</span> <span class='ocrx_word' id='word_1_188' title='bbox 123 1849 149 1884; x_wconf 89' lang='grc' dir='ltr'>Ι,</span> <span class='ocrx_word' id='word_1_189' title='bbox 171 1848 242 1877; x_wconf 86' lang='lat'>166.</span> <span class='ocrx_word' id='word_1_190' title='bbox 253 1849 384 1877; x_wconf 88' lang='lat' dir='ltr'>Faciunt</span> <span class='ocrx_word' id='word_1_191' title='bbox 395 1849 510 1887; x_wconf 88' lang='lat' dir='ltr'>itaque,</span> <span class='ocrx_word' id='word_1_192' title='bbox 524 1848 611 1887; x_wconf 86' lang='lat' dir='ltr'>qnod</span> 
     </span>
     <span class='ocr_line' id='line_1_35' title="bbox 50 1893 610 1934; baseline 0 -12"><span class='ocrx_word' id='word_1_193' title='bbox 50 1903 131 1932; x_wconf 83' lang='lat' dir='ltr'>saepe</span> <span class='ocrx_word' id='word_1_194' title='bbox 161 1894 315 1922; x_wconf 71' lang='lat' dir='ltr'>exercitus</span> <span class='ocrx_word' id='word_1_195' title='bbox 344 1893 451 1922; x_wconf 83' lang='lat' dir='ltr'>fecisse</span> <span class='ocrx_word' id='word_1_196' title='bbox 478 1893 610 1934; x_wconf 71' lang='lat' dir='ltr'>legimus</span> 
     </span>
     <span class='ocr_line' id='line_1_36' title="bbox 50 1936 610 1981; baseline 0 -14"><span class='ocrx_word' id='word_1_197' title='bbox 50 1940 161 1968; x_wconf 74' lang='lat' dir='ltr'>amisso</span> <span class='ocrx_word' id='word_1_198' title='bbox 176 1938 256 1968; x_wconf 84' lang='lat' dir='ltr'>duce</span> <span class='ocrx_word' id='word_1_199' title='bbox 271 1949 328 1968; x_wconf 89' lang='lat' dir='ltr'>suo</span> <span class='ocrx_word' id='word_1_200' title='bbox 339 1947 346 1968; x_wconf 93' lang='lat'><strong>:</strong></span> <span class='ocrx_word' id='word_1_201' title='bbox 356 1936 540 1981; x_wconf 59' lang='lat' dir='ltr'>rumpunt,[</span> <span class='ocrx_word' id='word_1_202' title='bbox 550 1939 610 1968; x_wconf 87' lang='lat' dir='ltr'>sol-</span> 
     </span>
     <span class='ocr_line' id='line_1_37' title="bbox 32 1982 437 2026; baseline 0.002 -13"><span class='ocrx_word' id='word_1_203' title='bbox 32 2019 42 2026; x_wconf 52' lang='lat'>·</span> <span class='ocrx_word' id='word_1_204' title='bbox 51 1991 130 2013; x_wconf 88' lang='lat' dir='ltr'>vunt</span> <span class='ocrx_word' id='word_1_205' title='bbox 144 1983 239 2013; x_wconf 84' lang='lat' dir='ltr'>fidem</span> <span class='ocrx_word' id='word_1_206' title='bbox 249 2006 257 2020; x_wconf 90' lang='lat'>‚</span> <span class='ocrx_word' id='word_1_207' title='bbox 274 1982 437 2014; x_wconf 78' lang='lat' dir='ltr'>deficiunt.</span> 
     </span>
    </p>

    <p class='ocr_par' dir='ltr' id='par_1_14' title="bbox 50 2029 608 2253">
     <span class='ocr_line' id='line_1_38' title="bbox 99 2029 608 2070; baseline 0.004 -12"><span class='ocrx_word' id='word_1_208' title='bbox 99 2030 173 2060; x_wconf 84' lang='lat'>216.</span> <span class='ocrx_word' id='word_1_209' title='bbox 202 2032 380 2059; x_wconf 79' lang='lat' dir='ltr'>Fremences</span> <span class='ocrx_word' id='word_1_210' title='bbox 405 2029 535 2060; x_wconf 82' lang='lat' dir='ltr'>Mentel.</span> <span class='ocrx_word' id='word_1_211' title='bbox 559 2040 608 2070; x_wconf 86' lang='lat' dir='ltr'>pr.</span> 
     </span>
     <span class='ocr_line' id='line_1_39' title="bbox 50 2075 607 2106; baseline 0.004 -2"><span class='ocrx_word' id='word_1_212' title='bbox 50 2075 172 2105; x_wconf 81' lang='lat' dir='ltr'>Zuiich.</span> <span class='ocrx_word' id='word_1_213' title='bbox 189 2082 221 2104; x_wconf 84' lang='lat' dir='ltr'>et</span> <span class='ocrx_word' id='word_1_214' title='bbox 233 2075 352 2105; x_wconf 74' lang='lat' dir='ltr'>Bodlei.</span> <span class='ocrx_word' id='word_1_215' title='bbox 369 2092 414 2098; x_wconf 88' lang='lat'>--</span> <span class='ocrx_word' id='word_1_216' title='bbox 427 2075 501 2105; x_wconf 82' lang='lat' dir='ltr'>Vid.</span> <span class='ocrx_word' id='word_1_217' title='bbox 515 2077 607 2106; x_wconf 85' lang='lat' dir='ltr'>Varr.</span> 
     </span>
     <span class='ocr_line' id='line_1_40' title="bbox 50 2121 607 2159; baseline 0.004 -10"><span class='ocrx_word' id='word_1_218' title='bbox 50 2122 116 2157; x_wconf 89' lang='grc' dir='ltr'><strong>ΙΙΙ,</strong></span> <span class='ocrx_word' id='word_1_219' title='bbox 137 2121 195 2156; x_wconf 81' lang='lat'>16,</span> <span class='ocrx_word' id='word_1_220' title='bbox 221 2121 260 2157; x_wconf 81' lang='lat'>83</span> <span class='ocrx_word' id='word_1_221' title='bbox 284 2122 414 2151; x_wconf 83' lang='lat' dir='ltr'>Aristot.</span> <span class='ocrx_word' id='word_1_222' title='bbox 427 2123 467 2151; x_wconf 90' lang='lat' dir='ltr'>H.</span> <span class='ocrx_word' id='word_1_223' title='bbox 485 2122 524 2151; x_wconf 91' lang='lat' dir='ltr'>A.</span> <span class='ocrx_word' id='word_1_224' title='bbox 542 2123 607 2159; x_wconf 75' lang='lat' dir='ltr'>IX,</span> 
     </span>
     <span class='ocr_line' id='line_1_41' title="bbox 54 2166 604 2207; baseline 0 -12"><span class='ocrx_word' id='word_1_225' title='bbox 54 2172 232 2204; x_wconf 71' lang='lat'>40.-—-217‚</span> <span class='ocrx_word' id='word_1_226' title='bbox 251 2167 414 2196; x_wconf 79' lang='lat' dir='ltr'>218Bello</span> <span class='ocrx_word' id='word_1_227' title='bbox 431 2166 604 2207; x_wconf 77' lang='lat' dir='ltr'>objectant,</span> 
     </span>
     <span class='ocr_line' id='line_1_42' title="bbox 51 2211 607 2253; baseline 0.002 -12"><span class='ocrx_word' id='word_1_228' title='bbox 51 2213 143 2245; x_wconf 63' lang='lat' dir='ltr'>armis</span> <span class='ocrx_word' id='word_1_229' title='bbox 170 2211 336 2242; x_wconf 84' lang='lat' dir='ltr'>hostilibus</span> <span class='ocrx_word' id='word_1_230' title='bbox 357 2221 364 2242; x_wconf 74' lang='grc' dir='ltr'><em>τ</em></span> <span class='ocrx_word' id='word_1_231' title='bbox 386 2213 607 2253; x_wconf 85' lang='lat' dir='ltr'>ingruentibus</span> 
     </span>
    </p>
   </div>
   <div class='ocr_carea' id='block_1_5' title="bbox 660 931 1234 2256">
    <p class='ocr_par' dir='ltr' id='par_1_15' title="bbox 669 931 1234 1008">
     <span class='ocr_line' id='line_1_43' title="bbox 669 931 1234 972; baseline 0.004 -11"><span class='ocrx_word' id='word_1_232' title='bbox 669 931 821 962; x_wconf 84' lang='lat' dir='ltr'>hostibus.</span> <span class='ocrx_word' id='word_1_233' title='bbox 839 932 951 962; x_wconf 83' lang='lat' dir='ltr'>Omm&#39;a</span> <span class='ocrx_word' id='word_1_234' title='bbox 977 931 1042 961; x_wconf 86' lang='lat' dir='ltr'>haec</span> <span class='ocrx_word' id='word_1_235' title='bbox 1058 942 1124 972; x_wconf 63' lang='lat' dir='ltr'>grai</span> <span class='ocrx_word' id='word_1_236' title='bbox 1133 934 1192 962; x_wconf 83' lang='lat' dir='ltr'>iter</span> <span class='ocrx_word' id='word_1_237' title='bbox 1205 941 1234 963; x_wconf 81' lang='lat' dir='ltr'>et</span> 
     </span>
     <span class='ocr_line' id='line_1_44' title="bbox 669 985 786 1008; baseline 0.009 -1"><span class='ocrx_word' id='word_1_238' title='bbox 669 985 786 1008; x_wconf 81' lang='lat' dir='ltr'>ornate.</span> 
     </span>
    </p>

    <p class='ocr_par' dir='ltr' id='par_1_16' title="bbox 661 1024 1231 2107">
     <span class='ocr_line' id='line_1_45' title="bbox 717 1024 1231 1065; baseline 0.004 -12"><span class='ocrx_word' id='word_1_239' title='bbox 717 1034 836 1063; x_wconf 80' lang='lat'>219-</span> <span class='ocrx_word' id='word_1_240' title='bbox 847 1034 923 1061; x_wconf 82' lang='lat'>227.</span> <span class='ocrx_word' id='word_1_241' title='bbox 952 1025 1001 1054; x_wconf 76' lang='lat' dir='ltr'>Ex</span> <span class='ocrx_word' id='word_1_242' title='bbox 1025 1024 1231 1065; x_wconf 74' lang='lat' dir='ltr'>Pythagoreo-</span> 
     </span>
     <span class='ocr_line' id='line_1_46' title="bbox 669 1070 1230 1110; baseline 0.005 -12"><span class='ocrx_word' id='word_1_243' title='bbox 669 1080 739 1098; x_wconf 87' lang='lat' dir='ltr'>rum</span> <span class='ocrx_word' id='word_1_244' title='bbox 768 1070 931 1109; x_wconf 81' lang='lat' dir='ltr'>disciplina</span> <span class='ocrx_word' id='word_1_245' title='bbox 950 1092 957 1106; x_wconf 84' lang='lat'>,</span> <span class='ocrx_word' id='word_1_246' title='bbox 991 1081 1085 1110; x_wconf 88' lang='lat' dir='ltr'>quam</span> <span class='ocrx_word' id='word_1_247' title='bbox 1118 1071 1230 1101; x_wconf 82' lang='lat' dir='ltr'>deinde</span> 
     </span>
     <span class='ocr_line' id='line_1_47' title="bbox 669 1115 1230 1157; baseline 0.005 -13"><span class='ocrx_word' id='word_1_248' title='bbox 669 1115 819 1145; x_wconf 84' lang='lat' dir='ltr'>Platonici</span> <span class='ocrx_word' id='word_1_249' title='bbox 844 1126 879 1144; x_wconf 85' lang='lat' dir='ltr'>ac</span> <span class='ocrx_word' id='word_1_250' title='bbox 901 1116 1014 1152; x_wconf 87' lang='lat' dir='ltr'>Stoici,</span> <span class='ocrx_word' id='word_1_251' title='bbox 1041 1126 1230 1157; x_wconf 82' lang='lat' dir='ltr'>quamquam</span> 
     </span>
     <span class='ocr_line' id='line_1_48' title="bbox 667 1161 1230 1201; baseline 0.007 -12"><span class='ocrx_word' id='word_1_252' title='bbox 667 1161 797 1190; x_wconf 81' lang='lat' dir='ltr'>diversis</span> <span class='ocrx_word' id='word_1_253' title='bbox 816 1163 935 1201; x_wconf 85' lang='lat' dir='ltr'>quique</span> <span class='ocrx_word' id='word_1_254' title='bbox 955 1161 1055 1191; x_wconf 71' lang='lat' dir='ltr'>modis</span> <span class='ocrx_word' id='word_1_255' title='bbox 1075 1173 1230 1193; x_wconf 87' lang='lat' dir='ltr'>commen-</span> 
     </span>
     <span class='ocr_line' id='line_1_49' title="bbox 667 1207 1228 1248; baseline 0.005 -13"><span class='ocrx_word' id='word_1_256' title='bbox 667 1214 776 1244; x_wconf 82' lang='lat' dir='ltr'>tanteS,</span> <span class='ocrx_word' id='word_1_257' title='bbox 793 1207 929 1247; x_wconf 81' lang='lat' dir='ltr'>amplexi</span> <span class='ocrx_word' id='word_1_258' title='bbox 941 1214 1024 1243; x_wconf 85' lang='lat' dir='ltr'>sunt,</span> <span class='ocrx_word' id='word_1_259' title='bbox 1041 1207 1106 1238; x_wconf 81' lang='lat' dir='ltr'>haec</span> <span class='ocrx_word' id='word_1_260' title='bbox 1120 1211 1228 1248; x_wconf 89' lang='lat' dir='ltr'>petita,</span> 
     </span>
     <span class='ocr_line' id='line_1_50' title="bbox 667 1253 1229 1295; baseline 0.007 -15"><span class='ocrx_word' id='word_1_261' title='bbox 667 1253 704 1281; x_wconf 90' lang='lat' dir='ltr'>de</span> <span class='ocrx_word' id='word_1_262' title='bbox 731 1254 832 1281; x_wconf 74' lang='lat' dir='ltr'>anima</span> <span class='ocrx_word' id='word_1_263' title='bbox 856 1253 985 1290; x_wconf 82' lang='lat' dir='ltr'>mundi,</span> <span class='ocrx_word' id='word_1_264' title='bbox 1015 1253 1046 1283; x_wconf 89' lang='lat' dir='ltr'>h.</span> <span class='ocrx_word' id='word_1_265' title='bbox 1070 1255 1229 1295; x_wconf 85' lang='lat' dir='ltr'>principio</span> 
     </span>
     <span class='ocr_line' id='line_1_51' title="bbox 666 1301 1230 1338; baseline 0.005 -11"><span class='ocrx_word' id='word_1_266' title='bbox 666 1305 776 1338; x_wconf 84' lang='lat' dir='ltr'>agente</span> <span class='ocrx_word' id='word_1_267' title='bbox 786 1320 794 1335; x_wconf 88' lang='lat'><strong>,</strong></span> <span class='ocrx_word' id='word_1_268' title='bbox 818 1309 875 1338; x_wconf 87' lang='lat' dir='ltr'>per</span> <span class='ocrx_word' id='word_1_269' title='bbox 888 1309 1013 1328; x_wconf 84' lang='lat' dir='ltr'>omnem</span> <span class='ocrx_word' id='word_1_270' title='bbox 1027 1306 1171 1329; x_wconf 82' lang='lat' dir='ltr'>naturam</span> <span class='ocrx_word' id='word_1_271' title='bbox 1186 1301 1230 1330; x_wconf 89' lang='lat' dir='ltr'>fu-</span> 
     </span>
     <span class='ocr_line' id='line_1_52' title="bbox 666 1345 1231 1380; baseline 0.005 -7"><span class='ocrx_word' id='word_1_272' title='bbox 666 1354 697 1373; x_wconf 85' lang='lat' dir='ltr'>sa</span> <span class='ocrx_word' id='word_1_273' title='bbox 708 1367 716 1380; x_wconf 94' lang='lat'><strong><em>‚</em></strong></span> <span class='ocrx_word' id='word_1_274' title='bbox 733 1345 875 1373; x_wconf 86' lang='lat' dir='ltr'>omnium</span> <span class='ocrx_word' id='word_1_275' title='bbox 893 1346 1098 1374; x_wconf 83' lang='lat' dir='ltr'>animantium</span> <span class='ocrx_word' id='word_1_276' title='bbox 1115 1347 1231 1376; x_wconf 71' lang='lat' dir='ltr'>animas</span> 
     </span>
     <span class='ocr_line' id='line_1_53' title="bbox 666 1390 1231 1428; baseline 0.007 -10"><span class='ocrx_word' id='word_1_277' title='bbox 666 1390 938 1428; x_wconf 72' lang='lat' dir='ltr'>subministrante,</span> <span class='ocrx_word' id='word_1_278' title='bbox 961 1398 992 1420; x_wconf 89' lang='lat' dir='ltr'>et</span> <span class='ocrx_word' id='word_1_279' title='bbox 1012 1391 1152 1428; x_wconf 79' lang='lat' dir='ltr'>easdem,</span> <span class='ocrx_word' id='word_1_280' title='bbox 1174 1392 1231 1422; x_wconf 78' lang='lat' dir='ltr'>djs-</span> 
     </span>
     <span class='ocr_line' id='line_1_54' title="bbox 665 1436 1228 1475; baseline 0.005 -11"><span class='ocrx_word' id='word_1_281' title='bbox 665 1436 770 1465; x_wconf 89' lang='lat' dir='ltr'>soluto</span> <span class='ocrx_word' id='word_1_282' title='bbox 793 1446 943 1475; x_wconf 76' lang='lat' dir='ltr'>corpQre,</span> <span class='ocrx_word' id='word_1_283' title='bbox 972 1438 1087 1466; x_wconf 83' lang='lat' dir='ltr'>iterum</span> <span class='ocrx_word' id='word_1_284' title='bbox 1108 1438 1142 1467; x_wconf 89' lang='lat' dir='ltr'>in</span> <span class='ocrx_word' id='word_1_285' title='bbox 1173 1449 1204 1467; x_wconf 92' lang='lat' dir='ltr'>se</span> <span class='ocrx_word' id='word_1_286' title='bbox 1221 1461 1228 1475; x_wconf 81' lang='lat'><strong>‚</strong></span> 
     </span>
     <span class='ocr_line' id='line_1_55' title="bbox 666 1482 1231 1525; baseline 0.005 -15"><span class='ocrx_word' id='word_1_287' title='bbox 666 1488 812 1521; x_wconf 81' lang='lat' dir='ltr'>tanquam</span> <span class='ocrx_word' id='word_1_288' title='bbox 827 1482 886 1511; x_wconf 83' lang='lat' dir='ltr'>sibi</span> <span class='ocrx_word' id='word_1_289' title='bbox 899 1482 1070 1525; x_wconf 68' lang='grc' dir='ltr'>συγγενεῖς,</span> <span class='ocrx_word' id='word_1_290' title='bbox 1081 1484 1231 1523; x_wconf 87' lang='lat' dir='ltr'>recipien-</span> 
     </span>
     <span class='ocr_line' id='line_1_56' title="bbox 665 1528 1229 1559; baseline 0.005 -3"><span class='ocrx_word' id='word_1_291' title='bbox 665 1533 704 1557; x_wconf 83' lang='lat' dir='ltr'>te.</span> <span class='ocrx_word' id='word_1_292' title='bbox 724 1528 806 1557; x_wconf 87' lang='lat' dir='ltr'>Cum</span> <span class='ocrx_word' id='word_1_293' title='bbox 829 1535 933 1557; x_wconf 86' lang='lat' dir='ltr'>autem</span> <span class='ocrx_word' id='word_1_294' title='bbox 954 1529 1006 1557; x_wconf 81' lang='lat' dir='ltr'>illa</span> <span class='ocrx_word' id='word_1_295' title='bbox 1028 1539 1115 1558; x_wconf 87' lang='lat' dir='ltr'>mens</span> <span class='ocrx_word' id='word_1_296' title='bbox 1130 1530 1229 1559; x_wconf 84' lang='lat' dir='ltr'>subti-</span> 
     </span>
     <span class='ocr_line' id='line_1_57' title="bbox 662 1573 1231 1613; baseline 0.004 -11"><span class='ocrx_word' id='word_1_297' title='bbox 662 1573 770 1602; x_wconf 78' lang='lat' dir='ltr'>lissimi</span> <span class='ocrx_word' id='word_1_298' title='bbox 795 1584 829 1603; x_wconf 86' lang='lat' dir='ltr'>ac</span> <span class='ocrx_word' id='word_1_299' title='bbox 850 1575 1008 1613; x_wconf 82' lang='lat' dir='ltr'>purissimi</span> <span class='ocrx_word' id='word_1_300' title='bbox 1030 1574 1151 1604; x_wconf 86' lang='lat' dir='ltr'>aetheris</span> <span class='ocrx_word' id='word_1_301' title='bbox 1177 1583 1231 1605; x_wconf 87' lang='lat' dir='ltr'>aut</span> 
     </span>
     <span class='ocr_line' id='line_1_58' title="bbox 663 1619 1227 1658; baseline 0.005 -11"><span class='ocrx_word' id='word_1_302' title='bbox 663 1619 744 1658; x_wconf 80' lang='lat' dir='ltr'>ignis</span> <span class='ocrx_word' id='word_1_303' title='bbox 753 1627 896 1648; x_wconf 85' lang='lat' dir='ltr'>naturam</span> <span class='ocrx_word' id='word_1_304' title='bbox 905 1619 1020 1649; x_wconf 81' lang='lat' dir='ltr'>habere</span> <span class='ocrx_word' id='word_1_305' title='bbox 1031 1620 1209 1650; x_wconf 85' lang='lat' dir='ltr'>crederetur</span> <span class='ocrx_word' id='word_1_306' title='bbox 1220 1645 1227 1658; x_wconf 83' lang='lat'><strong>‚</strong></span> 
     </span>
     <span class='ocr_line' id='line_1_59' title="bbox 663 1665 1228 1704; baseline 0.005 -11"><span class='ocrx_word' id='word_1_307' title='bbox 663 1665 792 1704; x_wconf 85' lang='lat' dir='ltr'>spiritus</span> <span class='ocrx_word' id='word_1_308' title='bbox 812 1676 853 1694; x_wconf 75' lang='lat' dir='ltr'>ex</span> <span class='ocrx_word' id='word_1_309' title='bbox 873 1676 909 1694; x_wconf 85' lang='lat' dir='ltr'>ea</span> <span class='ocrx_word' id='word_1_310' title='bbox 931 1673 1107 1695; x_wconf 86' lang='lat' dir='ltr'>emanantes</span> <span class='ocrx_word' id='word_1_311' title='bbox 1133 1666 1228 1696; x_wconf 75' lang='lat' dir='ltr'>cethe-</span> 
     </span>
     <span class='ocr_line' id='line_1_60' title="bbox 663 1709 1228 1750; baseline 0.005 -12"><span class='ocrx_word' id='word_1_312' title='bbox 663 1710 724 1738; x_wconf 79' lang='lat' dir='ltr'>rios</span> <span class='ocrx_word' id='word_1_313' title='bbox 739 1709 883 1746; x_wconf 76' lang='lat' dir='ltr'>haustus,</span> <span class='ocrx_word' id='word_1_314' title='bbox 899 1711 1067 1750; x_wconf 82' lang='lat' dir='ltr'>particulas</span> <span class='ocrx_word' id='word_1_315' title='bbox 1083 1712 1228 1742; x_wconf 80' lang='lat' dir='ltr'>aethereas</span> 
     </span>
     <span class='ocr_line' id='line_1_61' title="bbox 664 1755 1229 1797; baseline 0.007 -13"><span class='ocrx_word' id='word_1_316' title='bbox 664 1755 754 1785; x_wconf 77' lang='lat' dir='ltr'>dixit.</span> <span class='ocrx_word' id='word_1_317' title='bbox 790 1756 876 1786; x_wconf 86' lang='lat' dir='ltr'>Idem</span> <span class='ocrx_word' id='word_1_318' title='bbox 904 1757 1054 1796; x_wconf 85' lang='lat' dir='ltr'>placitum</span> <span class='ocrx_word' id='word_1_319' title='bbox 1082 1760 1229 1797; x_wconf 76' lang='lat' dir='ltr'>exposuit</span> 
     </span>
     <span class='ocr_line' id='line_1_62' title="bbox 664 1802 1229 1840; baseline 0.007 -10"><span class='ocrx_word' id='word_1_320' title='bbox 664 1803 733 1831; x_wconf 85' lang='lat' dir='ltr'>AEn.</span> <span class='ocrx_word' id='word_1_321' title='bbox 758 1802 826 1838; x_wconf 89' lang='lat' dir='ltr'>VI,</span> <span class='ocrx_word' id='word_1_322' title='bbox 850 1803 1047 1840; x_wconf 75' lang='lat'>724—751,</span> <span class='ocrx_word' id='word_1_323' title='bbox 1071 1809 1101 1832; x_wconf 90' lang='lat' dir='ltr'>et</span> <span class='ocrx_word' id='word_1_324' title='bbox 1122 1810 1229 1834; x_wconf 86' lang='lat' dir='ltr'>tenen-</span> 
     </span>
     <span class='ocr_line' id='line_1_63' title="bbox 663 1846 1227 1889; baseline 0.007 -14"><span class='ocrx_word' id='word_1_325' title='bbox 663 1846 739 1876; x_wconf 89' lang='lat' dir='ltr'>dum</span> <span class='ocrx_word' id='word_1_326' title='bbox 752 1847 831 1876; x_wconf 86' lang='lat' dir='ltr'>illud</span> <span class='ocrx_word' id='word_1_327' title='bbox 845 1855 974 1888; x_wconf 87' lang='lat' dir='ltr'>propter</span> <span class='ocrx_word' id='word_1_328' title='bbox 983 1849 1080 1878; x_wconf 71' lang='lat' dir='ltr'>multa</span> <span class='ocrx_word' id='word_1_329' title='bbox 1088 1850 1146 1878; x_wconf 87' lang='lat' dir='ltr'>alia</span> <span class='ocrx_word' id='word_1_330' title='bbox 1155 1860 1227 1889; x_wconf 81' lang='lat' dir='ltr'>poe-</span> 
     </span>
     <span class='ocr_line' id='line_1_64' title="bbox 664 1893 1226 1935; baseline 0.007 -14"><span class='ocrx_word' id='word_1_331' title='bbox 664 1900 764 1921; x_wconf 86' lang='lat' dir='ltr'>tarum</span> <span class='ocrx_word' id='word_1_332' title='bbox 780 1893 858 1924; x_wconf 84' lang='lat' dir='ltr'>loca.</span> <span class='ocrx_word' id='word_1_333' title='bbox 888 1895 1010 1924; x_wconf 83' lang='lat' dir='ltr'>Scilicet</span> <span class='ocrx_word' id='word_1_334' title='bbox 1025 1905 1135 1935; x_wconf 78' lang='lat' dir='ltr'>inagna</span> <span class='ocrx_word' id='word_1_335' title='bbox 1155 1905 1226 1935; x_wconf 84' lang='lat' dir='ltr'>pars</span> 
     </span>
     <span class='ocr_line' id='line_1_65' title="bbox 662 1938 1226 1980; baseline 0.007 -13"><span class='ocrx_word' id='word_1_336' title='bbox 662 1939 858 1978; x_wconf 85' lang='lat' dir='ltr'>poeticorum</span> <span class='ocrx_word' id='word_1_337' title='bbox 867 1938 1173 1980; x_wconf 82' lang='lat' dir='ltr'>philosophematum</span> <span class='ocrx_word' id='word_1_338' title='bbox 1186 1952 1226 1977; x_wconf 72' lang='lat' dir='ltr'>ex</span> 
     </span>
     <span class='ocr_line' id='line_1_66' title="bbox 662 1983 1223 2026; baseline 0.007 -14"><span class='ocrx_word' id='word_1_339' title='bbox 662 1983 877 2024; x_wconf 86' lang='lat' dir='ltr'>Empedocleis</span> <span class='ocrx_word' id='word_1_340' title='bbox 914 1992 959 2015; x_wconf 83' lang='lat' dir='ltr'>est</span> <span class='ocrx_word' id='word_1_341' title='bbox 997 1988 1111 2025; x_wconf 83' lang='lat' dir='ltr'>petita,</span> <span class='ocrx_word' id='word_1_342' title='bbox 1145 1997 1223 2026; x_wconf 91' lang='lat' dir='ltr'>quo-</span> 
     </span>
     <span class='ocr_line' id='line_1_67' title="bbox 661 2031 1223 2072; baseline 0.009 -14"><span class='ocrx_word' id='word_1_343' title='bbox 661 2040 731 2059; x_wconf 88' lang='lat' dir='ltr'>rum</span> <span class='ocrx_word' id='word_1_344' title='bbox 752 2031 861 2071; x_wconf 84' lang='lat' dir='ltr'>ingens</span> <span class='ocrx_word' id='word_1_345' title='bbox 881 2032 1048 2062; x_wconf 78' lang='lat' dir='ltr'>auctoritas</span> <span class='ocrx_word' id='word_1_346' title='bbox 1063 2032 1223 2072; x_wconf 87' lang='lat' dir='ltr'>quondam</span> 
     </span>
     <span class='ocr_line' id='line_1_68' title="bbox 661 2075 857 2107; baseline 0.015 -3"><span class='ocrx_word' id='word_1_347' title='bbox 661 2086 725 2105; x_wconf 85' lang='lat' dir='ltr'>esse</span> <span class='ocrx_word' id='word_1_348' title='bbox 739 2075 857 2107; x_wconf 84' lang='lat' dir='ltr'>debuit.</span> 
     </span>
    </p>

    <p class='ocr_par' dir='ltr' id='par_1_17' title="bbox 660 2121 1225 2256">
     <span class='ocr_line' id='line_1_69' title="bbox 709 2121 1220 2166; baseline 0.006 -15"><span class='ocrx_word' id='word_1_349' title='bbox 709 2132 784 2162; x_wconf 83' lang='lat'>219.</span> <span class='ocrx_word' id='word_1_350' title='bbox 794 2124 843 2152; x_wconf 83' lang='lat' dir='ltr'>Ex</span> <span class='ocrx_word' id='word_1_351' title='bbox 857 2123 906 2152; x_wconf 80' lang='lat' dir='ltr'>his</span> <span class='ocrx_word' id='word_1_352' title='bbox 918 2124 1024 2163; x_wconf 85' lang='lat' dir='ltr'>signis,</span> <span class='ocrx_word' id='word_1_353' title='bbox 1038 2121 1220 2166; x_wconf 73' lang='grc' dir='ltr'>τεκμηρίοις,</span> 
     </span>
     <span class='ocr_line' id='line_1_70' title="bbox 660 2167 1222 2209; baseline 0.007 -13"><span class='ocrx_word' id='word_1_354' title='bbox 660 2174 755 2207; x_wconf 82' lang='lat' dir='ltr'>atque</span> <span class='ocrx_word' id='word_1_355' title='bbox 777 2167 844 2197; x_wconf 79' lang='lat' dir='ltr'>hoec</span> <span class='ocrx_word' id='word_1_356' title='bbox 865 2169 1031 2208; x_wconf 80' lang='lat' dir='ltr'>exempla,</span> <span class='ocrx_word' id='word_1_357' title='bbox 1059 2179 1222 2209; x_wconf 83' lang='lat' dir='ltr'>argumen-</span> 
     </span>
     <span class='ocr_line' id='line_1_71' title="bbox 661 2214 1225 2256; baseline 0.005 -14"><span class='ocrx_word' id='word_1_358' title='bbox 661 2219 709 2251; x_wconf 86' lang='lat' dir='ltr'>ta,</span> <span class='ocrx_word' id='word_1_359' title='bbox 733 2214 864 2254; x_wconf 71' lang='lat' dir='ltr'>sequuti.</span> <span class='ocrx_word' id='word_1_360' title='bbox 889 2215 1021 2246; x_wconf 83' lang='lat' dir='ltr'>Ornavit</span> <span class='ocrx_word' id='word_1_361' title='bbox 1044 2222 1136 2256; x_wconf 84' lang='lat' dir='ltr'>poeta</span> <span class='ocrx_word' id='word_1_362' title='bbox 1159 2216 1225 2245; x_wconf 76' lang='lat' dir='ltr'>vu]—</span> 
     </span>
    </p>
   </div>
  </div>
 </body>
</html>
