1408 2428
585 117 752 150 ECLOGA
776 123 815 152 V.
1254 131 1297 161 635

106 169 257 208 Libavit
273 171 506 223 quadrupes,
523 185 592 208 nec
607 176 782 223 graminis
799 178 931 229 adtigit
946 182 1112 223 herbam.

104 230 275 279 Daphni,
292 239 397 267 tuum
413 234 543 268 Poenos
560 232 671 269 etiam
688 234 910 284 ingemuisse
926 240 1051 281 leones

104 290 300 326 Interitum
311 318 320 335 ‚
335 300 554 340 montesque
571 291 640 328 seri
655 293 830 344 silvaeque
850 297 1067 348 loquuntur.

103 348 274 398 Daphnis
289 357 325 386 et
339 350 534 389 Armenias
550 364 666 389 curru
680 352 907 406 subjungere
925 357 1029 408 tigris

102 473 209 516 fragm.
230 477 345 508 Moret.
362 479 451 509 male.
468 498 512 503 —-
524 482 576 512 26.
591 482 671 512 Gra-

103 520 198 550 mz'nis
215 521 343 553 herbam
358 532 434 564 puta
451 526 502 556 1110
521 534 552 556 et
574 529 667 559 Ovid.

100 567 178 597 Met.
202 569 250 605 X,
270 569 322 608 87.
348 572 414 600 Liv.
439 573 470 608 I,
495 579 537 608 24
554 573 667 603 dictam

99 622 174 650 esse,
182 620 218 642 ut
228 615 334 653 cytisi,
345 615 411 653 loci,
425 616 565 656 herbam,
580 630 666 649 nem-

97 668 137 697 pe
152 669 225 688 cum
242 660 280 689 de
293 663 406 691 virenti
423 664 562 703 germine
577 665 667 695 fruti-

98 705 142 733 cis
153 707 370 747 cujuscunque
380 709 481 749 agitur
491 720 499 746 3
516 711 577 740 nisi
588 719 664 742 noto

98 757 263 789 poetarum
281 763 368 782 more
394 765 452 794 pro
477 755 574 786 herba
594 768 662 798 gra-

97 797 198 825 minea
211 796 330 827 dictum
344 800 441 837 malis,
450 811 521 829 011111
528 813 664 841 gramen

95 840 194 880 {fisum
206 843 401 873 inter-herbas
409 846 663 886 vulgatissimum

94 887 136 916 sit
148 899 159 916 .·
178 889 257 918 Plin.
271 891 391 927 XXIV,
412 901 462 931 19.

141 944 158 962 2
165 933 194 963 8.
202 936 289 964 Ferte
296 936 435 967 Parrhas.
445 938 575 970 Mentel.
588 946 657 972 tert.

94 990 110 1008 a
120 989 202 1010 111311.
213 991 273 1011 sec.
285 988 405 1012 etunus
412 984 531 1022 Heius„
542 997 605 1027 quo
616 989 658 1018 al-

91 1025 207 1056 ludunt
222 1028 345 1069 Menag.
365 1039 424 1060 sec.
445 1037 474 1059 et
492 1033 585 1070 ven„
602 1035 659 1066 ubi

86 1070 166 1109 sere.
205 1073 401 1106 Marckland.
432 1076 471 1106 ad
499 1079 573 1109 Stat.
606 1082 654 1119 Π,

89 1117 163 1149 Silv.
182 1118 219 1157 6,
241 1121 278 1150 13
294 1123 376 1160 conj.
393 1126 653 1168 montesque‚fi-

88 1173 157 1201 ras,
167 1165 323 1206 silvasque
337 1168 507 1209 loquuntur
519 1172 585 1203 scil.
600 1173 655 1204 ho-

87 1211 186 1239 mines
194 1222 202 1247 ;
213 1212 370 1253 ingeniose
378 1216 657 1255 quidelm—Mon-

87 1256 171 1285 tibus
195 1264 225 1286 et
245 1259 330 1288 silvis
352 1272 462 1292 vocem
479 1263 564 1303 dari,
582 1268 654 1296 salis

86 1309 198 1332 notum
212 1311 275 1342 est3
292 1312 322 1335 et
331 1308 356 1335 si
364 1307 553 1349 ingemuisse
563 1323 651 1342 mon-

85 1354 130 1376 tes
142 1348 297 1390 silvasque
314 1351 459 1392 dixisset,
477 1364 530 1385 aut
551 1359 649 1397 queri,

85 1400 139 1422 aut
153 1394 250 1434 loqui,
269 1397 390 1435 eodem,
406 1411 480 1430 011111
497 1402 568 1439 isto,
582 1414 651 1433 sen-

81 1449 130 1475 su,
149 1445 186 1468 ut
204 1441 239 1469 in
260 1445 410 1483 exemplis
434 1456 450 1473 a
470 1448 652 1479 Burmanno

81 1483 151 1514 fieri
178 1485 391 1526 deprehendas
403 1513 411 1526 ‚
427 1497 459 1520 et
486 1493 519 1521 in
545 1495 650 1525 Bionis

80 1530 175 1570 Idyll.
201 1533 231 1569 Ι,
258 1534 297 1562 32
319 1557 327 1571 ‚
349 1535 430 1565 nihil
454 1537 647 1570 offenderet:

80 1576 159 1606 solet
174 1578 258 1607 enim
273 1579 366 1609 rebus
384 1582 561 1614 inanimatis
578 1596 647 1616 sen-

80 1632 143 1659 sus,
161 1623 299 1664 adeoque
323 1632 354 1655 et
377 1638 441 1657 vox
460 1629 559 1660 tribui
575 1641 583 1662 :
602 1633 646 1662 sic

79 1667 135 1698 inf.
153 1669 195 1699 62
211 1679 218 1700 :
234 1671 303 1710 Ipsi
313 1672 426 1702 laetitia
439 1685 536 1705 ‘voces
550 1678 597 1706 ad
608 1678 647 1707 si-

78 1713 156 1743 dera
162 1715 293 1755 jaccant
307 1719 434 1749 Intonsi
446 1730 568 1752 montes
576 1736 588 1759 ‚·
603 1724 646 1764 ip-

79 1770 122 1789 soe
133 1760 207 1801 jam
221 1764 366 1793 carmina
382 1776 484 1806 rupes,
502 1770 577 1808 Ipsa
595 1782 643 1800 so-

79 1814 162 1836 nant
174 1808 311 1840 arbusta.
328 1811 366 1841 cf.
383 1814 434 1850 X,
456 1820 506 1850 14.
526 1816 576 1846 15.
585 1817 645 1847 Sed

78 1851 130 1880 hic
145 1861 212 1884 est:
228 1864 349 1886 montes
368 1865 400 1887 et
421 1858 508 1890 silvce
527 1872 644 1893 memo-

78 1905 161 1935 rant,
170 1910 314 1939 narrant,
323 1903 430 1933 leones
444 1905 643 1947 ingemuisse.

78 1945 159 1974 Nam
178 1956 238 1985 pro
264 1958 412 1979 resonare
433 1953 532 1992 accipi
558 1954 646 1994 loqui

77 1999 143 2019 non
155 1997 268 2030 potest,
279 2004 352 2023 cum
364 1999 514 2035 praeteriti
528 2006 645 2040 tempo-

78 2037 120 2064 ris
143 2047 209 2066 rem
236 2036 269 2067 τὸ
302 2039 490 2080 ingemuisse
513 2044 642 2076 indicet.

78 2082 186 2122 Itaque
201 2083 352 2114 dicendus
370 2093 415 2116 est
428 2095 520 2128 poeta
535 2091 644 2130 paullo

77 2126 188 2157 durius
215 2133 400 2171 expressisse
425 2134 508 2164 idem
542 2136 640 2175 illud,

44 2189 54 2197 ι
77 2174 164 2212 quod
185 2183 255 2206 ante
273 2177 416 2209 dixerat:
431 2181 530 2211 coruli
551 2190 643 2213 testes

76 2220 254 2262 etflmnina
263 2225 419 2266 Nymphis
435 2238 445 2256 .·
459 2228 484 2257 51
497 2235 570 2261 sunt
587 2236 641 2260 tes-

724 491 778 522 tes,
794 486 821 515 si
843 487 1073 527 meminerunf,
1095 501 1181 523 nunc
1198 490 1286 526 etiam

722 539 849 562 narrant
863 534 976 565 audita.
994 537 1023 565 A
1036 539 1161 576 poenico
1175 542 1288 582 spiritu

721 577 854 615 aberres,
872 581 898 608 si
913 581 988 609 velis
1003 583 1132 614 reddere
1151 596 1218 624 eos,
1233 590 1288 628 qui

718 623 753 652 in
776 624 861 653 silvis
890 632 920 655 et
946 629 1108 659 montibus
1134 630 1285 663 habitant.

719 670 841 698 Leones
855 670 952 711 Afros
966 681 1121 713 pastorem
1134 678 1168 706 in
1184 679 1285 709 Sicilia

717 716 908 746 exstinctum
921 718 1035 749 deflere
1044 723 1099 750 vix
1113 731 1204 762 poeta
1218 736 1282 754 cre-

716 759 750 788 di
768 762 886 800 voluit3
910 763 963 792 sed
979 773 1024 794 est
1045 768 1205 806 epitheton
1230 782 1279 800 or-

716 816 793 835 nans
804 818 812 843 ;
825 814 860 836 ut
873 819 949 838 mox
959 811 1122 842 Armenia>
1132 814 1241 855 tigres,
1256 825 1285 847 et

715 862 810 891 supra
835 854 980 892 Cydonia
1005 858 1092 887 mala
1103 881 1111 894 ‚
1138 860 1283 891 Siclzom'a

716 897 789 935 ηἰχς
805 906 835 928 et
848 900 934 939 quod
944 903 1043 932 multo
1054 906 1149 945 magis
1164 908 1284 937 mireris

713 944 778 974 Evl.
791 947 832 982 X,
846 946 886 985 59
895 969 902 983 ‚
920 946 995 977 libet
1007 950 1124 979 Partho
1140 959 1283 993 torquere

715 991 860 1030 Cydonia
878 1003 974 1022 cornu
988 995 1126 1035 Spicula.
1145 999 1284 1029 Circum-

711 1038 847 1077 spectius
856 1037 942 1069 hunc
952 1041 1089 1071 colorem
1098 1054 1234 1074 servasse
1241 1049 1284 1075 vi-

710 1083 780 1113 deas
790 1085 969 1124 Moschum,
977 1088 1010 1117 in
1019 1089 1159 1128 epicedio
1166 1092 1282 1125 Bionis.

709 1129 794 1169 quod
810 1138 880 1161 ante
897 1133 1006 1163 oculos
1021 1134 1155 1165 habebat
1178 1138 1280 1178 Virgi-

707 1175 777 1214 lius,
789 1188 888 1217 quum
901 1180 1098 1220 Daphnidem
1112 1182 1276 1218 scriberem

707 1224 755 1251 uti
768 1224 936 1265 Virgilium
949 1228 1153 1258 Nemesianus
1170 1229 1276 1270 Eclog.

709 1269 739 1305 Ι,
764 1277 924 1308 72—74.
941 1273 1021 1302 Sunt
1045 1280 1148 1303 tamen
1172 1275 1278 1304 leones

707 1316 910 1354 sequentibus
924 1318 1056 1357 tigribus
1069 1319 1274 1360 adjungendi,

705 1368 741 1390 ut
756 1369 786 1390 et
798 1363 857 1401 ipsi
873 1373 889 1390 a
902 1363 1015 1392 Bacchi
1028 1365 1156 1394 leonum
1173 1366 1274 1396 domi-

705 1409 781 1436 toris
797 1407 909 1437 fabulis
924 1411 1014 1448 petiti
1024 1433 1032 1446 ,
1047 1418 1078 1440 et
1092 1411 1144 1440 hic
1159 1422 1274 1441 memo-

705 1454 763 1482 rati
772 1454 835 1482 sint
848 1463 855 1483 :
870 1455 1068 1494 Daphnidem
1075 1456 1195 1487 flevisse
1207 1458 1272 1487 leo—

705 1509 759 1528 nes
785 1506 816 1528 et
840 1501 942 1539 tigres,
960 1512 1040 1541 quos
1057 1504 1091 1531 in
1112 1504 1272 1533 Baechicis

703 1546 796 1584 orgiis
814 1545 866 1574 ille
882 1545 1008 1576 domare
1024 1547 1184 1579 didicerat.

750 1600 802 1629 29.
829 1592 904 1620 Haec
920 1599 951 1620 et
960 1603 1026 1632 sqq.
1037 1594 1145 1633 paullo
1159 1595 1273 1636 abrup-

702 1636 763 1664 tius
783 1637 893 1676 posita‚
910 1639 1093 1678 simpliciter
1113 1651 1150 1670 eo
1173 1643 1269 1671 inter—

700 1682 849 1721 pretanda
872 1690 965 1720 sunt,
986 1691 1042 1722 ut,
1059 1685 1096 1714 ad
1115 1686 1271 1727 augendas

700 1728 766 1765 ejus
778 1728 884 1758 laudes
898 1736 928 1758 et
941 1730 1192 1770 amplificandam
1207 1732 1270 1773 dig-

699 1775 827 1804 nitatem
838 1798 846 1811 ‚
866 1776 1064 1816 Daphnidem
1082 1788 1174 1807 suum
1186 1800 1193 1814 ‚
1214 1789 1268 1808 seu

698 1820 796 1859 ipsius
814 1822 927 1851 Bacchi
935 1822 1081 1852 laudibus
1095 1825 1252 1863 impertiat
1261 1847 1268 1857 ,

699 1876 764 1903 seu,
779 1867 865 1906 quod
878 1878 988 1898 censeo
999 1891 1007 1905 ‚
1023 1879 1096 1898 eum
1111 1879 1213 1899 unum
1229 1880 1267 1899 ex

698 1912 811 1942 Bacchi
835 1914 1103 1944 commilitonibus
1113 1954 1116 1956 v
1127 1922 1159 1945 et
1175 1917 1267 1946 sociis

699 1956 792 1986 fuisse
817 1957 916 1999 fingat
927 1982 934 1996 ‚
962 1961 1018 1999 qui
1042 1970 1127 1990 sacra
1153 1961 1266 1991 Bacchi

697 2003 870 2033 instituerit
886 2006 968 2034 inter
988 2012 1129 2046 pastores
1140 2029 1148 2043 ‚
1164 2018 1265 2047 eoque

697 2049 890 2080 caerimonias
900 2052 934 2080 in
948 2051 1141 2082 Liberalibus
1154 2053 1266 2083 sollen-

696 2105 751 2123 nes
764 2095 1045 2135 exhibuerit,inter
1060 2108 1135 2138 quas
1151 2100 1263 2128 Bacchi

696 2151 744 2169 res
755 2149 847 2181 gestae
857 2165 865 2179 ‚
881 2144 916 2173 in
930 2145 1102 2184 primisque
1118 2144 1155 2173 ad
1168 2145 1265 2174 Indos

695 2187 871 2226 expeditio,
902 2191 1115 2229 repraesentari
1133 2191 1261 2220 solebat.

694 2233 797 2273 Quam
808 2237 1031 2267 convenienter
1037 2236 1104 2266 haec
1111 2235 1148 2265 de
1157 2237 1262 2277 Daph-

1091 2298 1132 2333 6,
