1408 2428
602 82 726 113 LIBER
751 83 793 112 II.

1236 79 1301 109 253

96 140 257 178 Difficile
275 150 330 178 est
348 155 355 176 :
376 141 493 190 piceae
511 147 659 176 tantum
680 140 834 188 taxique
851 147 1028 176 nocentes

103 201 317 247 Interdum,
338 209 402 238 aut
422 199 544 238 ederae
561 199 731 250 pandunt
746 199 904 250 vestigia
920 199 1049 249 nigrae.

162 262 229 298 His
250 259 537 304 animadversis,
555 267 692 294 terram
713 259 833 295 multo
853 268 938 296 ante
958 266 1146 295 memento

106 323 347 369 Excoquere,
367 328 403 355 et
419 330 576 368 magnos
595 316 792 354 scrobibus
810 316 1010 354 concidere
1027 316 1184 362 montis,
1257 326 1304 350 260

107 384 206 417 Ante
228 380 420 429 supinatas
440 378 605 428 aquiloni
621 377 817 414 ostendere
837 377 980 427 glebas,

152 543 217 571 256
238 559 282 564 —
304 541 380 571 258.
404 539 527 581 Frigida
544 546 623 569 terra
647 539 685 569 ad

107 588 368 629 cognoscendum
389 586 528 617 difficilis
541 593 597 616 cst.
616 588 684 616 Sce-

106 636 248 665 leratum
284 645 343 675 pro
377 634 496 671 noxio,
525 640 561 663 ut
591 643 684 662 vene—

107 692 197 711 num.
228 683 274 710 Ita
302 681 434 721 impi11s;
460 679 602 719 adeoque
629 679 682 708 de-

110 727 280 764 testabilis,
297 725 504 757 execrandus.
531 727 577 755 Ita
601 736 683 766 saepe

106 776 173 815 ipse
193 775 297 804 Maro.
313 776 383 804 ΓΕΒ.
401 775 447 802 ΙΙΙ
461 797 468 809 ,
490 773 532 802 60
547 773 683 802 scelera-

107 829 140 849 ta
161 828 257 850 terra.
280 822 362 857 Ul,
385 821 461 855 461.
487 831 529 849 sc.
554 818 683 848 insania

107 866 201 902 belli;
225 866 297 896 add.
317 868 347 895 II
366 889 373 902 ‚
398 867 458 895 231
475 877 484 902 ς
502 867 584 901 xu,
603 871 680 905 949.

107 912 221 942 Subest
238 923 310 942 sane
332 914 421 942 notio
432 917 544 951 ‚reatus
560 922 600 941 ex
616 923 682 941 sre-

739 539 827 568 color
848 549 920 570 mss,
940 545 971 568 et
993 536 1069 568 editi
1095 537 1159 566 fere
1175 547 1303 574 omncs,

738 585 778 615 ab
795 585 843 616 ed.
861 587 965 616 Princ.

786 633 851 672 259
873 649 919 654 —
949 631 1025 667 264.
1052 632 1178 661 Transit
1199 631 1237 660 ad
1256 631 1308 660 vi-

739 689 872 708 nearum
904 678 1060 708 sationem
1073 700 1082 715 ,
1118 676 1156 707 de
1190 677 1308 717 quibus

738 727 864 766 copiose
903 727 966 765 agit
994 724 1032 754 ad
1061 735 1091 754 v.
1126 730 1191 763 419
1209 746 1218 759 ‚
1251 725 1309 753 etsi

737 772 837 801 multa
860 773 1045 812 interposita
1063 778 1156 807 sunt,
1173 780 1244 810 quae
1260 771 1307 799 vi-

738 818 824 847 tibus
841 818 1023 848 communia
1047 824 1123 846 sunt
1150 827 1223 846 cum
1241 817 1309 846 aliis

739 864 910 894 arboribus
935 874 942 894 :
968 865 1008 894 cf.
1037 863 1117 894 Pliu.
1143 865 1258 898 XVII,
1283 875 1307 893 s.

738 918 777 947 41
793 935 801 949 ,
834 912 890 948 16,
908 918 939 941 et
963 912 1102 951 primum
1121 908 1251 949 quidem
1269 911 1309 939 de

106 958 193 989 lere:
212 959 297 989 caede
316 966 346 988 et
369 961 412 988 sic
429 968 526 999 porro
542 968 549 988 ;
569 968 682 988 verum
726 957 894 999 faciendis
919 957 1075 987 scrobibus
1092 967 1102 985 .·
1124 955 1179 985 sed
1211 967 1306 996 quam

106 1005 164 1034 ubi
178 1005 217 1035 de.
230 1013 321 1046 poeta
339 1012 369 1034 et
385 1005 423 1035 de
440 1004 580 1046 epitheto
594 1015 679 1045 quae-

107 1053 209 1088 ritur‚
231 1054 265 1083 iu
292 1059 400 1093 etymo
426 1063 492 1081 non
517 1052 591 1081 licet
614 1051 678 1081 hae-

107 1108 191 1135 rere,
219 1099 261 1128 ita
297 1105 334 1128 ut
359 1100 398 1128 sit
430 1098 555 1134 solum,
592 1098 679 1138 quod

106 1152 226 1175 enecat.
250 1145 336 1175 Taxi
359 1152 413 1174 aut
436 1151 559 1174 certum
577 1155 677 1185 genus

104 1191 365 1233 intelligendum,
385 1198 439 1220 aut
458 1191 519 1220 alio
537 1191 598 1220 sub
614 1201 676 1220 coe-

104 1238 136 1267 lo
151 1240 249 1279 magis
276 1239 372 1267 noxia
396 1239 463 1276 ejus
482 1244 594 1267 natura
611 1248 676 1267 esse

103 1284 193 1314 solet.
210 1286 257 1314 De
274 1295 324 1321 ea,
344 1286 418 1314 item
435 1284 474 1313 de
491 1283 609 1313 hedera
630 1284 677 1313 ni-

100 1340 179 1370 gra,
199 1331 298 1360 multa
324 1331 392 1360 loca
418 1331 576 1370 congessit
602 1331 675 1361 Cer-

104 1375 153 1406 da.
180 1377 219 1407 cf.
248 1378 378 1407 Martin.
398 1377 555 1406 Pandunt
575 1376 676 1406 vesti-

99 1422 177 1462 gia,
213 1422 331 1452 indicia
365 1422 511 1463 praebent
540 1422 675 1463 frigoris.

102 1469 172 1498 Nisi
194 1468 232 1497 ad
252 1468 372 1498 radices
399 1469 532 1506 referas,
557 1469 675 1508 quibus

103 1514 171 1545 solo
191 1516 253 1544 sint
272 1514 394 1553 affixae,
410 1522 446 1544 ut
461 1514 538 1544 adeo
553 1514 675 1544 dictum

103 1563 143 1590 sit
168 1571 227 1601 pro
257 1562 393 1602 simplici
413 1571 420 1591 :
444 1561 490 1591 ibi
514 1569 672 1592 crescunt.

106 1607 251 1648 Vestigia
279 1618 339 1649 pro
363 1608 519 1649 pedibus,
538 1608 672 1648 plantis,

102 1653 279 1689 radicibus,
304 1653 465 1695 figuntur,
494 1654 672 1684 extendun-

101 1707 168 1736 tur,
199 1700 396 1740 panduntur.
422 1703 470 1730 Ita
498 1707 534 1730 ut
550 1703 670 1741 accipe-

101 1753 150 1776 ret
163 1769 172 1782 ,
191 1746 587 1778 inducebaturWakefield
600 1758 670 1777 ver-

101 1803 138 1822 su
158 1794 347 1825 Lucretiano
366 1793 422 1824 lib.
439 1796 480 1831 V,
501 1804 567 1834 912
584 1796 672 1824 :Aut

99 1837 259 1870 hominem
278 1848 370 1870 tanco
392 1840 601 1871 membrorum
622 1852 669 1870 es-

100 1895 133 1913 se
149 1886 265 1926 impete
285 1895 412 1925 natum,
436 1888 539 1916 Trans
563 1887 669 1917 maria

100 1931 170 1961 alta
191 1933 313 1972 pedam
344 1934 440 1963 nixus
471 1941 505 1962 ut
522 1934 669 1973 pandere

93 1986 211 2016 posset.
227 1980 349 2009 Verum
367 1987 469 2020 poetae
488 1981 667 2018 consilium,

99 2025 262 2055 sententiae
273 2032 363 2056 tenor
374 2049 382 2063 ,
398 2033 428 2055 et
444 2027 573 2063 similia,
596 2037 667 2067 quae

99 2078 348 2109 antecesserant,
367 2083 413 2102 vs.
427 2079 489 2108 241
510 2073 589 2103 Tale
612 2073 668 2103 da-

97 2116 143 2145 bit
158 2118 319 2157 specimen
329 2141 338 2154 ,
352 2126 512 2159 promtum
531 2127 578 2149 est
585 2130 669 2160 prae-

97 2163 233 2201 discere,
258 2163 388 2196 firmant
408 2166 547 2206 priorem
573 2167 667 2196 inter-

81 2212 316 2255 pretationem.
338 2229 384 2234 ——
413 2213 489 2243 256.
523 2213 669 2254 Quisquis

190 2276 275 2329 ⁴1.

734 1004 869 1045 pulchre
896 1012 926 1034 et
950 1010 1059 1033 ornate
1083 1002 1145 1033 hoc
1163 1013 1304 1043 praecep-

735 1058 803 1080 tum
820 1051 923 1081 tribus
950 1051 999 1080 his
1018 1049 1162 1080 versibus
1183 1050 1247 1090 259
1261 1067 1306 1072 -—

736 1098 797 1127 261
813 1121 821 1134 ‚
838 1098 1024 1138 proposuit!
1041 1096 1177 1126 arbitror
1201 1103 1306 1126 autem

733 1151 804 1174 ante
818 1144 928 1173 oculos
941 1143 1088 1173 habuisse
1103 1150 1229 1183 poetam
1245 1145 1306 1172 Xe-

731 1191 829 1231 noph.
845 1192 968 1221 OEcon.
985 1200 1053 1230 cap.
1064 1191 1159 1225 XVI,
1182 1200 1194 1218 1
1206 1200 1218 1218 1
1236 1200 1304 1230 sqq.

732 1244 762 1266 et
777 1237 938 1277 Theophr.
952 1236 991 1266 de
1006 1237 1112 1266 Causs.
1126 1235 1227 1265 Plant.
1244 1237 1302 1271 ΙΙΙ;

732 1284 762 1313 5.
790 1285 838 1313 De
863 1284 977 1312 vitium
1005 1282 1130 1312 cultura
1156 1283 1303 1322 inprimis

729 1329 860 1359 videndi
882 1328 1050 1360 Columell.
1067 1328 1124 1358 lib.
1141 1330 1206 1365 1113
1222 1329 1304 1358 Geo-

729 1387 806 1416 pon.
821 1375 878 1406 lib.
894 1378 936 1412 V;
952 1375 1033 1406 Plin.
1052 1375 1167 1410 XVII,
1193 1375 1235 1404 35
1254 1386 1300 1415 sq.

730 1422 939 1452 Serendarum
977 1422 1093 1451 vitium
1132 1428 1194 1451 tres
1227 1429 1302 1450 sunt

729 1469 817 1499 modi
846 1479 854 1499 :
880 1475 934 1498 ant
956 1469 989 1497 in
1018 1468 1175 1508 pastinato
1196 1466 1300 1508 (agro

728 1516 763 1544 in
785 1522 888 1545 totum
907 1515 1007 1551 fosso,
1023 1525 1088 1554 quo
1108 1524 1184 1543 mox
1204 1514 1299 1543 ferra-

728 1568 836 1591 mento
842 1560 984 1598 bifurco,
999 1562 1159 1601 pastinum
1169 1559 1298 1597 dicitur,

727 1607 876 1649 defigitur
898 1605 1069 1647 surculus)
1083 1614 1137 1636 aut
1155 1608 1189 1636 in
1207 1607 1297 1637 sulco

727 1661 781 1684 aut
811 1656 846 1684 in
871 1653 1008 1684 scrobe:
1030 1653 1110 1684 Plin.
1138 1653 1159 1684 l.
1188 1653 1210 1683 l.
1230 1654 1292 1689 35,

729 1712 743 1739 7
761 1712 770 1738 ;
789 1701 914 1731 Colum.
941 1701 1007 1736 111,
1036 1700 1094 1737 13,
1120 1710 1157 1736 13
1177 1700 1294 1730 Pallad.

723 1749 755 1776 II
766 1770 774 1785 ‚
800 1758 839 1777 10
855 1757 904 1788 pr.
923 1748 1114 1787 Excoquere
1124 1769 1132 1784 ,
1145 1744 1294 1785 πέπτειν,

722 1792 905 1830 πεπαίνειν,
941 1803 1121 1830 macerare,
1154 1792 1296 1834 adeoque

723 1840 969 1881 excoquendum
982 1839 1070 1877 dare,
1086 1845 1122 1869 ut
1140 1840 1297 1870 Burman-

722 1897 784 1917 nus
811 1887 892 1917 bene
924 1893 1049 1923 monet,
1078 1885 1162 1921 sole,
1199 1886 1271 1927 gelu
1283 1909 1291 1924 ‚

722 1935 848 1974 pruinis
863 1943 871 1964 1
893 1940 930 1962 ut
961 1932 1047 1973 apud
1075 1932 1203 1963 Colum,
1232 1934 1292 1970 XI,

724 1981 741 2010 3
755 2003 763 2018 ,
785 1981 822 2010 13
835 2002 844 2015 ,
861 1981 933 2010 Jam
958 1978 1153 2008 concidimus
1172 1985 1290 2009 terram

721 2026 891 2062 scrobibus,
909 2025 987 2055 dum
1009 2024 1136 2055 scrobes
1163 2025 1292 2056 crebros

722 2071 1044 2109 facimus‚incidjmus
1056 2073 1092 2101 in
1100 2078 1199 2102 terra:
1211 2083 1288 2101 corz-

721 2120 821 2149 cisam
836 2118 937 2161 fhssis
960 2120 1134 2160 AEgyptum
1156 2129 1173 2148 e
1192 2120 1292 2149 Justi-

720 2177 764 2196 no
779 2167 830 2204 11,
850 2177 862 2195 1
880 2165 987 2195 laudat
1004 2167 1113 2195 Burni.
1134 2165 1216 2195 Cum
1236 2175 1290 2195 au-

723 2220 786 2243 tem
802 2214 902 2243 vineae
921 2213 954 2242 in
971 2211 1108 2242 collibus
1121 2212 1185 2241 fere
1196 2211 1290 2253 plan-

1050 2288 1096 2311 22
