1408 2428
602 59 721 90 LIBER
748 61 769 88 I.

1220 70 1276 97 191

96 121 225 154 Ferret
241 118 358 153 hiems
375 117 614 164 culmumque
629 115 748 151 levem
769 116 999 165 stipulasque
1020 116 1190 152 volantis.

96 182 204 227 Saepe
220 178 332 215 etiam
351 178 560 213 inmensum
580 176 673 212 coelo
692 176 795 212 venit
814 189 947 225 agmen
968 189 1169 225 aquarum,

97 301 143 324 ret
162 302 197 324 uc
208 294 330 324 turbine
341 305 352 323 :
371 293 424 322 sed
440 294 548 323 nullus
561 304 665 323 emen—

97 341 217 370 dationi
240 342 347 377 locus,
373 351 472 380 quum
500 340 587 369 facile
616 339 665 369 ad-

98 387 227 417 {nodum
258 397 397 427 exponas
422 396 430 416 ε
468 393 666 416 concurrunt

99 434 185 462 venti
227 433 353 462 turbine
398 433 443 463 ita
478 435 568 473 nigro
589 456 597 468 ‚
632 441 667 462 uc

98 480 197 508 hiems
219 480 312 508 ferret
331 479 409 519 etc.]
431 497 476 501 —-
500 481 596 509 Venti
617 491 662 509 se-

99 532 200 565 getem
210 533 334 562 eruunt,
344 533 373 555 et
386 527 419 555 in
435 536 538 555 aerem
556 527 662 566 expel-

96 571 191 608 lunt3
216 572 373 601 extollunt
395 583 402 607 ς
431 572 492 601 hoc
522 574 663 602 ornatius

98 617 199 654 effert,
211 618 341 646 sublime
357 618 524 657 expulsam
537 626 659 654 eruunt,

98 665 170 702 quia
186 664 365 700 sublimem,
383 664 414 692 ιίι
437 664 585 699 sublime,
604 675 662 704 pro

100 708 250 739 adverbio
264 710 458 746 sublimiter,
476 710 592 740 ferunt.
612 713 669 741 Re-

98 755 203 795 liqua:
224 755 269 785 ita
287 756 410 785 turbine
426 756 517 798 nigro
531 764 590 787 etc.
612 756 670 786 dif-

100 800 274 839 ficultatem
296 802 414 832 liabent
438 814 478 832 ex
497 810 666 835 structura.

99 858 192 887 quam
203 850 258 888 qui
275 849 564 878 animadverterunt
584 851 667 878 varie

99 894 226 924 tollunt.
260 896 418 924 Martinus
459 897 666 935 comparatio—

98 951 170 969 nem
193 939 307 978 subjici
329 948 434 981 putat,
452 952 513 981 qua
532 948 665 981 tempes-

99 987 168 1015 tatis
198 997 329 1016 messem
355 989 523 1017 evertenu's
550 989 596 1016 xis
613 988 665 1017 (le-

99 1032 243 1069 claretur,
265 1044 337 1062 cum
359 1044 393 1063 ea
414 1034 537 1063 evulsas
553 1033 665 1063 radici-

98 1085 149 1107 tus
169 1080 268 1119 spicas
297 1090 370 1109 cum
390 1081 490 1109 aristis
509 1087 539 1109 et
558 1080 667 1109 radici-

98 1124 158 1154 bus
179 1126 220 1154 ita
243 1126 392 1155 sublimes
412 1126 501 1163 ferat,
517 1126 664 1166 quemad-

98 1171 230 1200 modum
256 1172 329 1201 alias
350 1179 463 1202 ventus
488 1172 568 1201 ferre
587 1173 665 1202 solet

96 1216 181 1246 leves
195 1218 343 1257 stipulas;
360 1218 417 1253 ita,
438 1225 500 1247 tam
514 1218 595 1247 facili
614 1230 661 1249 ne-

96 1264 183 1303 gotio
195 1286 202 1300 ‚
226 1263 325 1293 lu'ems
336 1287 344 1300 ‚
363 1271 529 1304 tempestas
540 1287 548 1301 ‚
559 1264 667 1306 ferret

96 1309 234 1338 culmum
251 1317 310 1340 etc.
329 1312 405 1340 Haec
422 1318 524 1340 tamen
538 1321 664 1351 compa-

96 1356 176 1385 ratio
202 1366 317 1396 parum
342 1357 382 1386 ad
414 1357 588 1397 augendam
620 1359 666 1387 rei

98 1397 260 1433 δεινότητα
276 1403 377 1432 facere
388 1424 396 1439 ‚
411 1403 509 1432 immo
528 1413 596 1432 eam
609 1404 666 1432 im-

98 1448 241 1476 minuere
270 1458 305 1477 ac
333 1448 476 1488 frangere
488 1470 496 1484 ‚
526 1448 663 1480 videtur.

98 1495 215 1523 Ruaeus
231 1494 274 1523 ita
292 1495 529 1534 interpretatur,
545 1502 581 1524 ut
594 1505 664 1524 ver-

98 1538 137 1568 ba
158 1540 220 1568 sint
233 1540 483 1580 epiphonematis
496 1540 568 1570 loeo
579 1550 587 1570 :
598 1549 664 1571 tam

98 1584 196 1614 denso
225 1586 330 1615 nimbo
347 1586 500 1627 jactabat
516 1587 663 1626 procella

97 1631 240 1661 calamos
255 1632 336 1662 leves
351 1640 383 1662 et
394 1632 528 1673 stipulas
545 1633 663 1663 volan-

98 1684 153 1707 tes.
161 1679 284 1707 Verum
294 1680 338 1708 sie
345 1678 480 1720 serebat
492 1678 663 1709 dicendum

97 1730 172 1754 erat.
191 1724 334 1754 Catroeus
351 1726 464 1762 vertit,
483 1726 572 1765 quasi
586 1736 663 1766 poe-

98 1775 129 1798 ta
146 1769 265 1800 diceret
278 1780 286 1801 :
305 1778 364 1800 auc
378 1771 500 1801 turbine
515 1771 616 1813 nigro,
632 1773 663 1803 Si

98 1816 316 1847 emendatione
336 1828 386 1847 res
408 1817 576 1858 indigeret,
590 1828 663 1858 pro-

98 1861 179 1891 clive
211 1869 312 1893 esset:
333 1863 379 1893 ica
412 1865 536 1894 turbine
571 1863 663 1905 nigro

99 1908 214 1937 Versat
235 1908 334 1939 hiems
349 1921 360 1939 .·
379 1910 467 1950 quod
493 1909 598 1939 firmes
622 1921 663 1940 ex

97 1954 256 1992 Lucretio,
272 1957 363 1994 cujus
379 1966 488 1986 versus
501 1963 572 1985 ante
585 1966 662 1985 ocu-

97 1999 145 2029 los
152 1999 300 2031 hahuisse
309 2008 417 2032 noster
425 2002 551 2032 videtur
558 2002 659 2039 lih.V,

101 2045 165 2074 218
186 2047 232 2075 Ec
243 2054 351 2077 tamen
368 2047 527 2078 interdum
544 2058 663 2089 magno

98 2090 232 2130 quoesita
246 2092 470 2124 labore—Aue
482 2093 663 2135 subitipen'-

98 2145 190 2181 munt
199 2137 326 2177 'imbre-s,
337 2139 661 2182 gelidaequepminae‚

97 2183 279 2226 Flabtaque
311 2194 481 2218 ventorum
517 2186 661 2217 violento

719 294 842 323 turbine
876 302 1012 322 ‘versant
1041 305 1051 322 .·
1082 305 1136 324 seu
1175 296 1286 324 melius

719 348 864 376 verant,
891 348 927 370 ut
952 341 1005 369 alii
1031 340 1151 380 legunt.
1176 342 1285 381 Atque

718 387 786 416 haec
801 392 905 418 erant.
922 397 994 426 quae
1012 397 1061 416 me
1077 387 1152 416 olim
1169 388 1202 415 in
1218 387 1249 417 h,
1265 388 1286 417 l.

719 440 980 463 commentantem
1013 433 1051 462 ad
1085 433 1285 463 subtiliorem

719 481 871 509 rationem
899 479 1110 509 abducebant.
1139 480 1284 509 Necdum

716 537 766 555 me
789 525 901 564 judicii
940 528 999 555 mei
1037 527 1194 565 poenitet3
1221 537 1285 555 non

716 574 798 601 enim
813 573 891 601 mihi
905 573 976 601 salis
989 579 1198 605 erat,sensum
1215 583 1287 611 qua-

715 619 908 658 lemcunque
930 619 1065 658 arripere
1086 625 1138 646 aut
1159 618 1285 648 inferre.

717 675 828 693 verum
849 675 887 693 ex
915 665 990 704 ipsis
1013 663 1118 693 verbis
1138 674 1288 704 gramma-

723 711 782 739 tica
798 711 865 750 lege
880 717 909 739 et
926 711 1047 739 ratione
1063 721 1188 739 sensum
1203 720 1289 739 erue-

722 767 764 786 re.
798 758 863 796 Qui
894 758 999 795 itaque
1036 755 1155 795 aliquid
1185 756 1288 785 dicere

721 802 801 838 vult,
815 802 901 841 quod
920 803 958 831 ad
971 813 1036 832 rem
1050 808 1180 841 spectet,
1197 804 1224 831 ei
1241 810 1287 832 est

720 850 920 888 grammatice
930 848 1120 879 docendum.
1128 848 1288 888 quomodo

721 894 919 934 ita—serre!
946 896 1043 935 possit
1072 905 1137 923 esse
1167 894 1286 923 dictum

719 951 778 980 pro
790 964 798 973 ,
814 941 1083 981 quemadmodum
1099 940 1198 969 hiems
1205 940 1286 982 sert.

719 988 844 1016 Scilicet
871 998 887 1016 a
910 989 1026 1028 poetis,
1045 988 1083 1016 ad
1108 987 1287 1016 xariandam

720 1035 893 1063 orationem
907 1057 915 1071 ,
932 1034 975 1062 sic
997 1034 1041 1063 ita
1071 1033 1160 1062 leuud
1183 1033 1287 1069 aliter,

713 1080 850 1119 pariter,
862 1081 895 1109 iu
910 1080 973 1117 fine
990 1081 1153 1109 sententiae
1170 1080 1287 1117 subjici

719 1126 822 1155 solent
847 1125 1176 1167 comparatixessiand
1200 1126 1288 1154 aliter

719 1171 829 1208 hiems,
845 1175 947 1211 grauis
965 1180 1129 1213 tempestas
1151 1182 1186 1201 ea
1200 1179 1287 1212 parte

720 1219 810 1255 anni,
830 1229 893 1258 qua
924 1219 1139 1259 procellosum
1163 1226 1287 1258 tenipus

718 1274 782 1293 esse
809 1264 903 1297 solet.
929 1266 1124 1305 (auctumno
1152 1271 1184 1293 et
1214 1274 1287 1292 vere

718 1321 763 1339 vs.
787 1311 803 1339 3
813 1321 824 1339 1
836 1321 847 1339 1
859 1329 904 1332 —
915 1312 931 1340 3
942 1322 952 1339 1
962 1312 991 1344 5,
1006 1321 1071 1340 non
1090 1320 1161 1350 quae
1179 1317 1287 1338 nostra

718 1355 830 1391 hiems,
851 1356 992 1396 dicitur)
1011 1363 1079 1386 orta
1097 1356 1220 1397 ferret,
1243 1356 1286 1384 di-

718 1403 845 1441 riperet,
860 1403 1002 1442 stipulas,
1013 1413 1108 1442 quam
1122 1412 1210 1431 nunc
1225 1413 1287 1431 me-

718 1447 768 1477 dia
787 1455 889 1478 aestate
914 1448 1065 1478 radicitus
1089 1449 1198 1477 aristas
1214 1448 1285 1477 fert.

719 1496 757 1523 In
785 1494 843 1524 hac
871 1494 999 1524 demum
1027 1494 1287 1534 interpretatione

718 1542 916 1580 acquiescere
939 1541 1022 1570 lieet.
1049 1541 1226 1577 Convenit,
1248 1551 1287 1569 ex

717 1594 805 1627 parte
822 1594 936 1622 tamen,
946 1597 1012 1616 non
1026 1597 1165 1626 prorsus,
1173 1587 1284 1615 Horat.

716 1636 813 1663 Serm.
840 1635 888 1669 ΙΙ,
907 1644 943 1669 2,
962 1639 1024 1669 124
1049 1635 1098 1662 Ac
1124 1640 1285 1661 'venerata

722 1680 831 1717 Ceres,
857 1679 902 1709 ita
925 1679 1029 1708 culmo
1054 1686 1197 1719 surgeret
1219 1679 1286 1707 alto

717 1725 882 1765 Explicuit
898 1725 979 1755 vino
1003 1732 1176 1754 contractoe
1201 1723 1286 1753 seria

708 1770 838 1812 frontis.
865 1772 930 1802 Ubi
957 1771 1058 1801 Bentl.
1081 1772 1124 1800 ita
1153 1769 1220 1800 scil.
1249 1778 1286 1799 ut

713 1818 776 1856 jam
790 1829 878 1848 nunc
895 1819 1006 1857 surgit.
1027 1819 1128 1846 Immo
1147 1827 1223 1846 vero
1240 1823 1286 1845 est

715 1865 852 1904 petitum
866 1874 882 1893 a
897 1864 1033 1894 formula
1049 1862 1211 1903 precandi,
1228 1862 1283 1891 ob-

715 1910 870 1947 testandi3
893 1911 937 1940 ita
962 1916 998 1938 ut
1020 1919 1108 1938 nunc
1124 1914 1283 1949 precatur,

715 1957 797 1986 votis
814 1957 944 1996 expetit.
960 1973 1006 1978 —-
1019 1956 1094 1985 321.
1112 1953 1284 1994 Scipulam-

715 2013 776 2042 que
799 2002 896 2032 levem
905 2011 917 2038 ,·
929 2002 1109 2041 culmosquc
1132 2001 1283 2033 volantes

715 2048 837 2079 Zulich.
888 2047 1090 2088 Stipulasque
1131 2054 1282 2076 sonantes

716 2095 812 2125 Goth.
829 2105 878 2135 pr.
1199 2091 1201 2093 ’

764 2142 840 2172 322.
860 2142 915 2171 Ex
934 2141 1012 2170 coelo
1035 2140 1162 2179 Menag.
1187 2150 1236 2179 pr.
1264 2150 1281 2168 e

713 2188 792 2217 coelo
824 2187 872 2218 ed.
894 2189 976 2217 Ven.
998 2204 1044 2210 —-
1065 2185 1141 2216 Ruit
1162 2195 1280 2226 agmen
