1377 2428
543 116 664 146 LIBER
689 117 746 146 IV.
1180 116 1244 150 425

56 169 204 217 Cocyti,
224 169 402 218 tardaque
422 170 528 219 palus
548 171 756 209 inamabilis
776 172 876 209 unda

54 227 227 276 Adligat,
246 238 282 264 et
296 228 423 265 novies
443 231 537 277 Styx
557 230 736 267 interfusa
757 239 914 268 coercet.

56 288 158 333 Quin
177 288 265 337 ipsae
286 296 463 336 stupuere
482 287 614 325 domus
633 298 744 337 atque
763 290 893 326 intima
912 289 995 326 Leti

55 349 228 392 Tartara,
248 346 501 395 caeruleosque
516 347 687 395 implexae
706 348 872 385 crinibus
894 349 1023 397 anguis

55 406 298 451 Eumenides,
319 407 511 454 tenuitque
526 405 674 442 inhians
692 407 763 442 tria
779 407 963 444 Cerberus
982 419 1066 452 ora,

55 468 179 514 Atque
195 465 333 501 Ixionii
350 474 463 501 vento
483 473 565 501 rota
582 466 748 502 constitit
766 466 880 502 orbis.

111 542 125 557 υ
143 530 301 574 Jamque
318 524 452 574 pedem
468 525 632 561 referens
650 538 756 562 casus
772 535 939 562 evaserat
957 527 1093 572 omnis,

1194 536 1240 565 485

56 585 291 633 Redditaque
309 584 494 632 Eurydice
512 597 665 633 superas
682 585 857 621 veniebat
878 586 924 621 ad
941 598 1069 630 auras,

56 648 156 681 Pone
174 657 350 693 sequens,
367 656 529 692 namque
545 643 640 680 hanc
662 643 817 680 dederat
836 645 1059 693 Proserpina
1077 645 1213 694 legem3

58 708 184 750 Quum
201 703 324 740 subita
342 703 532 739 incautum
553 703 739 740 dementia
758 705 856 753 cepit
874 712 1077 749 amantem,

58 762 284 812 Ignoscenda
301 762 469 811 quidem,
487 762 624 800 scirent
641 763 671 800 si
691 763 883 812 ignoscere
900 764 1049 799 Manes!

63 928 103 957 23
130 937 207 966 quos
230 928 309 966 Styx
340 925 503 956 liventibus
526 927 625 956 ambit

61 972 220 1013 Interficsa
232 972 327 1001 vadis
333 984 346 1008 ;
357 980 388 1002 et
400 974 513 1003 Statius
523 973 623 1003 Theb.

62 1019 118 1055 IV,
138 1019 154 1048 5
161 1024 202 1054 24
217 1020 262 1047 Ec
282 1020 362 1057 Styx
378 1018 517 1047 discretis
535 1018 626 1047 inter-

51 1064 128 1105 flua
145 1064 294 1093 fllanibus
309 1071 402 1093 errae.
416 1081 460 1087 —-
480 1070 554 1102 479.
575 1066 627 1093 In-

62 1108 175 1138 nabilis
198 1109 285 1137 unda
303 1110 450 1138 nonnulli
466 1109 557 1138 codd.
576 1120 624 1149 ap.

61 1155 216 1191 Pierium,
232 1156 307 1184 item
326 1156 408 1184 Ven.
429 1162 459 1183 et
483 1154 624 1185 Parrhas.

61 1200 164 1230 Mead.
188 1207 217 1229 et
241 1202 318 1238 Reg.
343 1206 373 1228 et
393 1206 468 1230 vett.
483 1200 554 1230 edd.
569 1201 627 1229 sic-

62 1256 122 1284 que
141 1247 276 1285 Nauger.
290 1247 324 1273 in
339 1245 414 1274 Ald.
433 1252 502 1275 tert.
518 1252 548 1275 at
563 1247 628 1276 vul-

61 1298 169 1330 gatum
184 1297 256 1330 post
278 1291 438 1330 antiquiss.
453 1291 551 1321 libros
562 1313 570 1327 ‚
597 1299 627 1322 et

61 1337 144 1366 inter
170 1336 228 1366 hos
250 1337 324 1375 frag.
350 1337 449 1366 vatic.
473 1336 581 1377 (quod
596 1344 627 1367 et

63 1382 159 1411 undoe
183 1382 278 1411 habet
298 1380 331 1421 ),
363 1381 502 1412 defendit
535 1385 626 1412 etiam

63 1427 205 1457 Macrob.
217 1429 279 1464 VI,
296 1438 332 1464 7;
351 1427 431 1457 Gell.
447 1430 489 1464 ΙΙ,
507 1429 546 1465 6,
562 1429 627 1457 imi-

63 1475 138 1503 tatio
161 1472 285 1509 Ovidii,
315 1472 479 1502 inamoena
502 1485 621 1514 regna,

63 1526 94 1547 et
110 1521 180 1548 AEn.
196 1520 261 1554 VI,
280 1519 361 1554 438,
383 1517 440 1546 ubi
459 1529 519 1548 vss.
539 1525 603 1558 479
615 1542 624 1556 ,

65 1565 130 1599 480
143 1565 259 1593 iterum
274 1564 431 1603 leguntur.

110 1610 149 1644 48
160 1620 171 1638 1
179 1633 186 1639 .
195 1610 276 1648 Ipsoe
289 1609 400 1637 domus
408 1619 419 1637 :
430 1608 573 1651 Plutonis
580 1619 624 1638 reh

63 1656 112 1695 gia
139 1665 194 1684 seu
226 1664 357 1694 regnum
385 1665 449 1683 esse
483 1655 625 1693 possint;

63 1701 223 1730 enimvero
237 1699 275 1729 de
288 1702 418 1730 Tartaro
436 1710 523 1728 nunc
538 1701 601 1740 agit
610 1724 619 1737 ,

61 1747 261 1786 praemittitur
285 1756 427 1785 quoque,
450 1745 525 1784 quin
549 1745 624 1785 1215oe

63 1791 173 1821 domus
194 1791 265 1821 Leti
285 1798 317 1819 et
335 1790 446 1821 intima
467 1792 601 1820 Tartara
609 1813 619 1827 ,

62 1837 255 1876 splendidius
283 1836 363 1874 hoc,
397 1848 491 1877 quam
514 1838 622 1866 intima

61 1883 147 1918 loca,
170 1882 351 1922 penetralia.
370 1885 534 1913 Tartarum
554 1882 626 1912 Leti

62 1929 190 1958 domum
206 1928 359 1968 appellare
371 1930 486 1967 potuit,
502 1934 538 1956 ut
551 1928 624 1958 alias

62 1974 138 2004 Orci
166 1974 249 2012 regia
260 1995 268 2009 ,
295 1974 460 2003 Furiarum
492 1973 603 2003 domus
614 1997 622 2011 ‚

54 2018 158 2049 ·audjt.
173 2019 274 2048 Aliter
291 2020 360 2048 AEn.
375 2021 425 2048 VI
436 2041 444 2056 ,
464 2029 525 2056 277
538 2040 546 2055 ‚
569 2019 626 2049 ubi

63 2065 172 2094 Letum
187 2065 222 2093 iu
239 2065 341 2104 primo
362 2066 438 2095 Orci
454 2065 542 2093 aditu
565 2065 626 2095 col-

62 2110 155 2139 locat.
175 2110 306 2149 Reliqua
329 2109 367 2138 de
388 2112 517 2139 Tartaro
537 2117 627 2141 utro·

62 2154 159 2195 bique
183 2156 388 2185 conveniunt.
410 2165 441 2185 v.
469 2155 532 2185 555
555 2167 622 2196 sqq.

61 2217 106 2226 --·
130 2202 206 2238 480.
232 2199 374 2238 inhians,
398 2201 501 2242 simpl.
522 2201 629 2233 hians..

676 944 721 951 --
739 928 813 963 484.
829 930 889 957 Pro
902 935 1001 957 vento
1016 927 1114 957 Faber
1127 927 1238 964 velox,

676 975 875 1003 Burmannus
906 981 999 1002 cantu
1014 996 1022 1008 ,
1056 974 1138 1002 lente
1148 996 1157 1008 ‚
1191 973 1242 1002 vel

677 1030 790 1059 campo
808 1019 1004 1056 conjiciebat.
1016 1019 1134 1049 Flendo
1150 1029 1242 1058 repo-

678 1066 740 1094 suit
760 1064 884 1096 Wakef.
915 1064 1015 1093 Canta
1034 1063 1161 1093 firmant
1181 1066 1242 1093 uti-

679 1121 740 1149 que
753 1110 844 1140 codd.
857 1111 976 1149 aliquot
994 1109 1076 1149 apud
1085 1110 1222 1139 Pierium
1234 1121 1243 1147 3

679 1163 709 1185 et
732 1163 855 1196 recepta
880 1162 925 1184 est
949 1166 983 1184 ea
1008 1156 1101 1184 lectio
1124 1166 1141 1183 a
1157 1156 1243 1184 Mar-

679 1203 765 1239 tino‚
789 1213 848 1231 nec
873 1201 938 1230 aliis
959 1201 1065 1230 doctis
1077 1202 1153 1229 viris
1176 1211 1243 1229 eam

679 1247 851 1286 improbari
867 1246 943 1276 vidi.
962 1264 1009 1269 -—
1027 1248 1133 1285 Atque
1159 1246 1245 1275 Ixio-

680 1293 726 1321 m'i
737 1301 836 1322 vento
858 1300 927 1321 roca
951 1291 1091 1321 constitit
1105 1291 1195 1321 orbis.
1213 1292 1245 1321 Si

679 1340 768 1378 quis,
793 1339 944 1368 sermonis
966 1338 1082 1377 poetici
1108 1338 1245 1366 Romani

678 1386 750 1413 satis
768 1395 882 1423 gnarus
902 1384 938 1412 ad
952 1383 1019 1412 haec
1043 1382 1172 1422 legenda
1194 1393 1244 1411 ac-

680 1431 820 1466 cesserit,
836 1429 973 1459 necdum
987 1429 1077 1457 aliam
1090 1428 1244 1457 rationem

679 1475 839 1504 imbiberit
853 1497 861 1511 ‚
895 1474 1154 1513 simplicissimam
1179 1484 1244 1502 esse

678 1520 798 1548 videbit
813 1521 893 1547 hanc
908 1529 915 1547 ε
938 1519 1061 1547 Ixionii
1075 1518 1156 1547 orbis
1172 1526 1243 1547 rota

677 1564 818 1594 constitit
833 1570 933 1593 vento
942 1586 950 1599 ,
974 1563 1101 1592 turbine
1111 1585 1119 1599 ‚
1147 1564 1244 1593 vorti-

679 1620 713 1639 ce
724 1632 732 1646 ‚
752 1617 841 1639 motu
853 1632 861 1646 ‚
885 1619 953 1639 suo.
978 1610 1021 1638 Ut
1034 1616 1133 1637 vento
1150 1609 1243 1638 auda-

677 1657 744 1684 cius
757 1655 876 1684 dictum
889 1656 929 1683 sit
941 1664 999 1694 pro
1014 1653 1139 1683 turbine
1152 1660 1239 1690 rotae,

675 1702 741 1742 ipsa
757 1702 928 1735 rotatione,
947 1696 1063 1741 ῥόμῧῳ.

724 1747 799 1782 485.
817 1747 937 1776 Mirum
951 1746 993 1774 in'
1007 1755 1073 1784 sqq.
1089 1746 1241 1774 narratio-

676 1793 725 1821 nis
749 1791 916 1822 artificium
934 1801 942 1821 :
958 1790 1044 1831 quod
1067 1790 1156 1819 facile
1175 1800 1242 1819 sen-

675 1839 732 1867 n'as
741 1860 750 1875 ‚
765 1839 788 1867 si
800 1837 837 1866 ad
847 1837 1005 1877 vulgarem
1017 1837 1241 1865 sententiarum

674 1884 853 1920 juncturam
891 1892 1017 1911 revoces
1054 1882 1237 1910 orationem.

676 1930 765 1968 Legis
780 1935 883 1958 autem
893 1950 901 1963 ‚
924 1938 964 1956 ne
978 1928 1164 1966 respiceret,
1186 1937 1240 1955 ex-

678 1974 849 2015 cogitandae
870 1973 1036 2003 consilium
1053 1983 1094 2001 ex
1118 1972 1241 2012 vulgari

679 2021 898 2060 superstitione
907 2019 1078 2049 subnatum
1087 2027 1151 2047 esse
1159 2016 1242 2046 vide-

678 2073 741 2102 tur,
758 2076 830 2094 cum
840 2075 888 2094 res
899 2063 1090 2099 aversandas,
1104 2064 1196 2092 etiam
1205 2064 1239 2092 in

678 2112 770 2140 sacris
782 2112 919 2150 magicis,
929 2111 1081 2150 respicere
1096 2108 1241 2138 vetaban-

675 2163 728 2185 tur
745 2167 753 2194 ς
784 2156 870 2196 quod
895 2158 958 2194 jam
990 2154 1088 2185 Cerda
1124 2154 1237 2192 sensit,

676 2212 770 2242 quem
783 2201 853 2232 vide
864 2208 894 2232 et
906 2212 976 2243 sup.
987 2200 1146 2237 Ecl.V111‚
1161 2209 1236 2229 102.

1014 2263 1081 2300 36*
