1408 2428
551 94 718 125 ECLOGA
742 96 781 123 V.
1220 89 1261 118 63

75 154 162 190 Sive
179 161 286 189 antro
303 152 430 202 potius
445 151 694 188 succedimus.
714 150 894 199 Adspice,
912 158 954 187 ut
970 158 1117 186 antrum

74 213 263 251 Silvestris
283 213 378 250 raris
394 212 530 263 sparsit
545 211 719 249 labrusca
733 211 900 248 racemis.

566 285 770 309 MENALCAS.

72 333 268 371 Montibus
284 334 322 369 in
338 332 474 369 nostris
490 331 590 369 solus
610 331 680 368 tibi
696 340 814 400 certe‘t
829 335 1022 380 Amyntas.

593 404 743 428 MOPSUS.

72 452 191 498 Quid,
208 452 238 489 si
252 452 352 489 idem
367 460 484 488 certet
501 451 685 488 Phoebum
701 462 881 500 superare
903 448 1094 486 canendo?

565 523 769 547 MENALCAS.

71 572 218 621 Incipe,
234 574 386 621 Mopse,
403 571 509 620 prior
527 584 534 605 :
552 571 583 607 si
599 584 693 620 quos
710 579 774 606 aut
794 568 973 617 Phyllidis
988 567 1111 617 ignes,
1234 584 1263 598 ιο

70 637 147 668 Aut
162 631 314 668 Alconis
336 630 452 667 habes
469 630 596 667 laudes
607 658 616 675 ‚
633 639 696 666 aut
709 629 836 679 jurgia
851 628 977 665 Codri.

71 694 219 742 Inelpe3
235 690 420 741 pascentis
435 688 601 726 servabit
617 689 769 739 Tityrus
785 687 924 726 haedos.

71 831 103 859 6.
115 830 221 859 Antra
235 828 374 859 Parthas,
388 845 434 850 —
443 828 642 858 Subsedimus

70 875 191 906 Zulich.
205 892 250 897 --
266 885 295 912 7.
311 874 486 910 Labmsca,
502 874 574 904 vitis
589 875 640 904 sil-

68 922 189 958 vestris,
227 918 451 963 ἀγριαίμπε),ος.
490 931 521 950 V.
559 921 639 951 Plin.

69 968 180 997 XXIII
191 988 199 1003 ‚
228 976 254 996 1.
284 965 323 995 cf.
351 967 480 996 Martin.
512 966 642 996 Vitibus

69 1012 215 1043 obductae
235 1012 409 1053 speluncae,
434 1018 545 1051 utpote
570 1023 642 1053 quae

69 1059 245 1088 amoenitate
263 1068 295 1088 se
314 1058 552 1095 commendant,
572 1069 641 1099 pas-

69 1105 128 1134 sim
156 1104 336 1135 laudantur.
367 1105 494 1134 Habent
524 1106 643 1135 scilicet

66 1158 167 1191 poetae
188 1161 228 1180 ex
252 1151 385 1180 Homeri
405 1150 567 1192 splendida
588 1151 641 1181 de-

64 1198 238 1238 scriptione
257 1198 339 1226 antri
356 1197 508 1238 Calypsus
527 1197 640 1239 Odyss.

69 1255 93 1282 ε,
109 1244 163 1274 68.
178 1243 218 1273 cf.
230 1244 284 1274 63.
296 1243 388 1273 Raris
398 1250 501 1273 autem
513 1243 565 1274 hic
574 1255 641 1275 non

67 1290 261 1331 urgendum,
277 1291 325 1319 uti
340 1291 448 1320 Burm.
467 1297 498 1320 et
510 1292 639 1321 Martin.

66 1336 203 1373 faciunt3
225 1337 298 1366 alias
315 1337 350 1365 in
366 1337 445 1366 vitio
468 1336 529 1366 hoc
545 1344 639 1375 esset,

67 1382 154 1422 quod
164 1383 225 1412 rari
235 1389 309 1412 sunt
318 1383 433 1412 racemi
442 1393 450 1419 3
461 1382 515 1411 sed
524 1384 640 1423 simpli-

67 1434 145 1457 mter
162 1435 251 1457 notat
264 1435 409 1458 naturam
424 1438 638 1466 racemorum,

66 1475 132 1504 sive
145 1484 279 1503 uvarum
287 1495 295 1510 ‚
306 1474 420 1514 passim
431 1485 447 1503 e
456 1474 640 1514 palmitibus

66 1531 123 1560 per
138 1520 219 1549 antri
229 1520 347 1549 ostium
355 1520 552 1560 serpentibus
566 1531 641 1561 pen-

66 1566 221 1602 dentium,
242 1572 278 1594 ut
300 1565 376 1595 adeo
399 1577 456 1606 per
478 1567 641 1596 intervalla

67 1611 132 1642 dies
144 1612 251 1641 intret.
266 1612 311 1641 Ita
325 1619 355 1641 et
367 1612 433 1642 Ecl.
450 1614 523 1649 VII,
540 1613 581 1648 46
596 1614 642 1643 Ec

67 1669 140 1698 quoe
147 1667 208 1686 vos
220 1667 296 1687 rara
304 1657 420 1688 viridis
429 1658 507 1699 tegit
515 1659 640 1688 arbutus

68 1704 188 1733 umbra.
206 1721 252 1726 —-
270 1704 301 1735 8.
321 1704 427 1734 Certac
447 1705 640 1745 antiquiores

68 1750 131 1780 fere
149 1760 276 1787 omnes;
294 1750 382 1791 quod
400 1751 546 1790 equidem
559 1762 640 1792 prae-

67 1797 181 1833 feram3
195 1795 267 1837 (cur
280 1796 377 1837 igitur
390 1807 458 1826 non
460 1797 641 1839 p1·aet11lic.³)

70 1842 349 1872 Accommodatius
363 1844 456 1873 etiam
471 1845 515 1873 sic
532 1854 578 1874 vs.
595 1855 640 1884 sq.

69 1889 241 1919 sententiae.
275 1889 378 1919 Cereec
403 1896 506 1919 tamen
535 1891 642 1930 praesi-

70 1934 159 1964 dium
173 1933 268 1963 habet
284 1935 319 1963 in
334 1934 461 1976 oblong.
476 1936 586 1973 Pierii,
608 1942 640 1965 et

71 1980 178 2010 multis
193 1980 269 2009 aljis.

118 2037 149 2066 9.
163 2025 250 2066 Quid
256 2024 284 2054 si
292 2024 376 2055 idem
385 2034 489 2057 certet.
500 2027 567 2056 Aut
577 2025 642 2056 (110-

71 2079 140 2102 tum
157 2071 219 2101 1100
232 2081 306 2100 011111
319 2082 413 2101 5011511
425 2073 594 2109 modestiae,
608 2079 645 2101 ut

71 2120 246 2158 Amyntam
260 2127 362 2146 unum
375 2127 484 2147 omnes
498 2128 644 2158 superare

60 2163 171 2200 ,dicat‚
187 2174 246 2193 nec
271 2164 388 2192 mirum
404 2164 509 2204 itaque
535 2165 592 2200 sit,
611 2174 643 2194 se

74 2210 112 2240 ab
136 2220 174 2239 eo
197 2220 325 2251 quoque
343 2211 500 2250 superari3
527 2217 580 2240 aut
598 2217 643 2240 est

694 827 850 858 invidiose
863 826 984 856 dictum
998 834 1006 856 :
1020 832 1057 855 ut
1068 833 1188 868 pungat
1203 837 1271 866 pas-·

695 881 796 904 torem
813 874 882 903 laus
900 872 1005 903 aemuli
1016 894 1024 909 ‚
1044 882 1174 912 eamque
1190 873 1267 902 adeo

694 920 747 949 ille
766 920 876 955 elevet,
891 926 929 949 ut
945 929 985 948 ex
1003 918 1130 947 audacia
1148 921 1265 958 potius,

695 976 791 1006 quam
818 966 890 995 artis
916 963 1117 1001 confidentia,
1150 972 1268 994 certare

695 1022 768 1041 eum
796 1022 869 1041 cum
896 1010 1080 1040 melioribus
1102 1010 1268 1051 significet.

697 1059 765 1088 Hoc
775 1068 845 1087 eum
856 1057 982 1093 audere,
995 1064 1030 1086 ut
1041 1067 1073 1086 se
1087 1056 1269 1097 milzioequi-

693 1111 795 1144 paret,
823 1115 945 1134 mecum
969 1110 1074 1139 certet,
1106 1103 1188 1132 nihil
1209 1103 1266 1131 mi-

696 1160 774 1186 rum,
797 1161 866 1180 cum
886 1149 969 1180 idem
993 1149 1047 1179 ille
1069 1149 1145 1179 sacis
1171 1157 1266 1179 teme-

696 1196 799 1226 rarius
809 1196 867 1233 sit,
892 1204 927 1225 ue
946 1197 1004 1226 vel
1021 1205 1090 1225 cum
1108 1195 1169 1225 diis
1197 1208 1268 1226 con-

691 1242 867 1285 grediatur.
886 1244 1004 1273 Firmes
1023 1241 1084 1271 hoc
1101 1253 1140 1271 ex
1164 1253 1194 1272 v.
1228 1244 1266 1272 15

696 1297 728 1319 tu
743 1289 859 1319 deinde
864 1288 975 1329 jubeto
989 1296 1086 1317 certet
1096 1290 1267 1327 Amyntas.

696 1335 794 1376 Apud
800 1335 1006 1365 Theocritum
1016 1334 1137 1363 dictum
1148 1342 1193 1363 est
1201 1336 1269 1363 sine

696 1381 924 1411 obtrectatione
948 1387 978 1409 et
1008 1379 1127 1408 invidia
1160 1382 1216 1417 IV,
1250 1380 1266 1407 8

694 1425 785 1468 φαντί
798 1438 839 1456 νιν
854 1419 995 1469 Ἠρακλῆϊ
1008 1423 1073 1463 βίην
1088 1422 1142 1455 καὶ
1156 1424 1269 1467 κάρτος

695 1470 822 1516 ἐρίσὸεν.

745 1531 795 1550 10.
812 1521 861 1549 Ex
873 1518 1032 1549 Theocrit.
1051 1520 1077 1555 I,
1098 1529 1136 1558 19
1153 1529 1198 1559 sq.
1214 1519 1268 1549 Nil

693 1566 755 1595 nisi
785 1572 860 1596 uota
896 1565 999 1605 aliqua
1030 1566 1267 1605 pastoritiorum

693 1613 868 1641 carminum
887 1618 1070 1653 argumenta
1096 1611 1127 1641 h.
1153 1611 1174 1640 l.
1202 1621 1266 1640 me—

693 1659 809 1688 morari
824 1665 854 1687 et
875 1658 1017 1699 vulgaria
1031 1663 1194 1698 pastorum
1209 1668 1267 1687 no-
1314 1653 1317 1656 ’

693 1706 778 1735 mina
795 1705 919 1734 recitari
945 1710 1038 1744 puta3
1069 1714 1132 1744 qua
1165 1703 1203 1732 (10
1235 1713 1268 1732 re

695 1751 814 1781 dictum
836 1752 871 1780 in
892 1757 967 1780 nota
987 1750 1025 1783 ad
1054 1750 1121 1780 Ecl.
1144 1750 1185 1785 ΙΙ,
1214 1755 1267 1785 24.

695 1798 778 1828 Male
805 1798 857 1827 hic
894 1803 948 1826 aut
972 1796 1091 1837 Phyllis
1115 1805 1130 1823 a
1154 1796 1268 1824 Demo-

695 1844 835 1884 phoonte
846 1850 953 1879 amata,
965 1849 1018 1871 aut
1029 1840 1162 1877 Codrus,
1174 1841 1271 1870 Athe-

696 1901 809 1919 narum
840 1900 898 1918 rex
914 1911 922 1925 ‚
957 1888 1183 1917 nominaretur.
1221 1889 1270 1916 De

698 1935 802 1966 Codro
819 1942 942 1975 pastore
957 1933 1037 1962 infra
1050 1942 1178 1973 quoque
1192 1934 1267 1969 VII,

699 1992 753 2017 22,
769 1981 822 2010 26.
833 1979 946 2019 ,Iurgia
959 1978 1067 2014 Codri,
1086 1988 1212 2008 carmen
1224 1989 1269 2008 re-

698 2027 846 2066 spiciunt,
863 2035 927 2064 quo
942 2025 968 2053 is
982 2035 1054 2054 cum
1069 2025 1129 2054 alio
1146 2032 1270 2064 pastore

698 2079 793 2101 cantu
817 2070 1030 2101 contenderat.
1055 2071 1102 2100 Ita
1128 2071 1193 2101 Ecl.
1222 2073 1270 2100 III

697 2117 829 2147 inscribi
846 2123 951 2157 posset
965 2126 973 2147 :
992 2118 1013 2147 J
1015 2118 1102 2158 urgia
1117 2118 1270 2146 Damoetae

697 2171 727 2193 et
742 2164 903 2194 Menalcae.
916 2162 1050 2203 [Codrus
1064 2169 1167 2192 autem
1178 2170 1268 2202 poeta

696 2210 784 2251 Virg.
795 2209 921 2250 aequalis
929 2231 937 2247 ,
949 2219 997 2251 ap.
1011 2210 1097 2240 Serv.
1108 2208 1146 2239 ad
1161 2208 1192 2239 11.
1204 2208 1244 2248 1.]
