<?xml version="1.0" encoding="UTF-8"?>
<!DOCTYPE html PUBLIC "-//W3C//DTD XHTML 1.0 Transitional//EN"
    "http://www.w3.org/TR/xhtml1/DTD/xhtml1-transitional.dtd">
<html xmlns="http://www.w3.org/1999/xhtml" xml:lang="en" lang="en">
 <head>
  <title>
</title>
<meta http-equiv="Content-Type" content="text/html;charset=utf-8" />
  <meta name='ocr-system' content='tesseract 3.04.00' />
  <meta name='ocr-capabilities' content='ocr_page ocr_carea ocr_par ocr_line ocrx_word'/>
</head>
<body>
  <div class='ocr_page' id='page_1' title='image "./operahey01virguoft_0167.png"; bbox 0 0 1408 2428; ppageno 0'>
   <div class='ocr_carea' id='block_1_1' title="bbox 27 31 1264 2175">
    <p class='ocr_par' dir='ltr' id='par_1_1' title="bbox 59 31 1264 1859">
     <span class='ocr_line' id='line_1_1' title="bbox 478 31 1260 62; baseline 0 0"><span class='ocrx_word' id='word_1_1' title='bbox 478 33 538 62; x_wconf 90' lang='lat' dir='ltr'><strong>AD</strong></span> <span class='ocrx_word' id='word_1_2' title='bbox 563 31 767 61; x_wconf 85' lang='lat' dir='ltr'><strong>ECLOGAM</strong></span> <span class='ocrx_word' id='word_1_3' title='bbox 792 32 831 60; x_wconf 80' lang='lat' dir='ltr'><strong>X.</strong></span> <span class='ocrx_word' id='word_1_4' title='bbox 1199 33 1260 62; x_wconf 82' lang='lat'><strong>133</strong></span> 
     </span>
     <span class='ocr_line' id='line_1_2' title="bbox 80 87 1262 130; baseline -0.001 -9"><span class='ocrx_word' id='word_1_5' title='bbox 80 91 401 130; x_wconf 68' lang='lat' dir='ltr'><strong>eventumbahuerit,</strong></span> <span class='ocrx_word' id='word_1_6' title='bbox 417 98 453 122; x_wconf 88' lang='lat' dir='ltr'><strong>ut</strong></span> <span class='ocrx_word' id='word_1_7' title='bbox 468 102 558 122; x_wconf 83' lang='lat' dir='ltr'><strong>orsus</strong></span> <span class='ocrx_word' id='word_1_8' title='bbox 572 90 652 121; x_wconf 84' lang='lat' dir='ltr'><strong>forte</strong></span> <span class='ocrx_word' id='word_1_9' title='bbox 665 96 744 120; x_wconf 86' lang='lat' dir='ltr'><strong>esset</strong></span> <span class='ocrx_word' id='word_1_10' title='bbox 758 88 877 119; x_wconf 85' lang='lat' dir='ltr'><strong>librum</strong></span> <span class='ocrx_word' id='word_1_11' title='bbox 892 87 966 119; x_wconf 88' lang='lat' dir='ltr'><strong>inde</strong></span> <span class='ocrx_word' id='word_1_12' title='bbox 981 88 1020 118; x_wconf 89' lang='lat' dir='ltr'><strong>ab</strong></span> <span class='ocrx_word' id='word_1_13' title='bbox 1030 88 1262 130; x_wconf 81' lang='lat' dir='ltr'><strong>Argonauticis.</strong></span> 
     </span>
     <span class='ocr_line' id='line_1_3' title="bbox 80 144 1263 189; baseline 0.001 -14"><span class='ocrx_word' id='word_1_14' title='bbox 80 148 240 186; x_wconf 87' lang='lat' dir='ltr'><strong>Sequutus</strong></span> <span class='ocrx_word' id='word_1_15' title='bbox 265 147 300 176; x_wconf 88' lang='lat' dir='ltr'><strong>in</strong></span> <span class='ocrx_word' id='word_1_16' title='bbox 324 146 385 177; x_wconf 93' lang='lat' dir='ltr'><strong>hoc</strong></span> <span class='ocrx_word' id='word_1_17' title='bbox 411 153 477 176; x_wconf 86' lang='lat' dir='ltr'><strong>erat</strong></span> <span class='ocrx_word' id='word_1_18' title='bbox 498 145 687 186; x_wconf 86' lang='lat' dir='ltr'>Euphorion</span> <span class='ocrx_word' id='word_1_19' title='bbox 705 145 848 186; x_wconf 77' lang='lat' dir='ltr'><strong>exempla</strong></span> <span class='ocrx_word' id='word_1_20' title='bbox 870 145 1023 183; x_wconf 86' lang='lat' dir='ltr'><strong>aliorum,</strong></span> <span class='ocrx_word' id='word_1_21' title='bbox 1039 145 1095 186; x_wconf 84' lang='lat' dir='ltr'><strong>qui</strong></span> <span class='ocrx_word' id='word_1_22' title='bbox 1110 144 1263 189; x_wconf 77' lang='grc' dir='ltr'>χρησμοὺς</span> 
     </span>
     <span class='ocr_line' id='line_1_4' title="bbox 83 197 1263 241; baseline 0.001 -13"><span class='ocrx_word' id='word_1_23' title='bbox 83 198 292 240; x_wconf 85' lang='lat' dir='ltr'><strong>collegerant:</strong></span> <span class='ocrx_word' id='word_1_24' title='bbox 308 201 391 230; x_wconf 89' lang='lat' dir='ltr'><strong>inter</strong></span> <span class='ocrx_word' id='word_1_25' title='bbox 409 210 488 241; x_wconf 90' lang='lat' dir='ltr'><strong>quos</strong></span> <span class='ocrx_word' id='word_1_26' title='bbox 502 198 711 231; x_wconf 87' lang='lat' dir='ltr'><strong>Philochorus</strong></span> <span class='ocrx_word' id='word_1_27' title='bbox 726 198 796 236; x_wconf 84' lang='lat' dir='ltr'><strong>fuit,</strong></span> <span class='ocrx_word' id='word_1_28' title='bbox 813 197 962 229; x_wconf 87' lang='lat' dir='ltr'><strong>Atthidos</strong></span> <span class='ocrx_word' id='word_1_29' title='bbox 982 199 1137 240; x_wconf 85' lang='lat' dir='ltr'><strong>scriptor,</strong></span> <span class='ocrx_word' id='word_1_30' title='bbox 1157 197 1185 229; x_wconf 84' lang='grc' dir='ltr'><strong>ἐν</strong></span> <span class='ocrx_word' id='word_1_31' title='bbox 1202 199 1263 234; x_wconf 85' lang='grc' dir='ltr'>τοῖς</span> 
     </span>
     <span class='ocr_line' id='line_1_5' title="bbox 81 250 1264 295; baseline 0.002 -14"><span class='ocrx_word' id='word_1_32' title='bbox 81 250 152 295; x_wconf 85' lang='grc' dir='ltr'>περὶ</span> <span class='ocrx_word' id='word_1_33' title='bbox 180 255 329 295; x_wconf 74' lang='grc' dir='ltr'>μαντικῆς</span> <span class='ocrx_word' id='word_1_34' title='bbox 354 257 386 284; x_wconf 95' lang='grc' dir='ltr'><strong>Δ.</strong></span> <span class='ocrx_word' id='word_1_35' title='bbox 404 264 454 295; x_wconf 84' lang='lat' dir='ltr'><strong>ap.</strong></span> <span class='ocrx_word' id='word_1_36' title='bbox 473 254 633 285; x_wconf 85' lang='lat' dir='ltr'><strong>Plutarch.</strong></span> <span class='ocrx_word' id='word_1_37' title='bbox 656 253 694 283; x_wconf 89' lang='lat' dir='ltr'><strong>de</strong></span> <span class='ocrx_word' id='word_1_38' title='bbox 712 252 806 294; x_wconf 81' lang='lat' dir='ltr'><strong>Pyth.</strong></span> <span class='ocrx_word' id='word_1_39' title='bbox 821 255 913 284; x_wconf 86' lang='lat' dir='ltr'><strong>Orac.</strong></span> <span class='ocrx_word' id='word_1_40' title='bbox 931 264 963 294; x_wconf 90' lang='lat' dir='ltr'><strong>p.</strong></span> <span class='ocrx_word' id='word_1_41' title='bbox 981 254 1045 289; x_wconf 81' lang='lat'><strong>403</strong></span> <span class='ocrx_word' id='word_1_42' title='bbox 1065 254 1099 283; x_wconf 90' lang='lat' dir='ltr'><strong>E.</strong></span> <span class='ocrx_word' id='word_1_43' title='bbox 1115 254 1264 295; x_wconf 86' lang='lat' dir='ltr'><strong>Sequitur</strong></span> 
     </span>
     <span class='ocr_line' id='line_1_6' title="bbox 77 303 1263 352; baseline 0.002 -16"><span class='ocrx_word' id='word_1_44' title='bbox 77 308 112 336; x_wconf 90' lang='lat' dir='ltr'><strong>in</strong></span> <span class='ocrx_word' id='word_1_45' title='bbox 132 306 197 338; x_wconf 89' lang='lat' dir='ltr'><strong>fine</strong></span> <span class='ocrx_word' id='word_1_46' title='bbox 213 318 220 338; x_wconf 91' lang='lat'>:</span> <span class='ocrx_word' id='word_1_47' title='bbox 238 306 292 340; x_wconf 83' lang='grc' dir='ltr'>εἰσὶ</span> <span class='ocrx_word' id='word_1_48' title='bbox 309 305 343 339; x_wconf 73' lang='grc' dir='ltr'><strong>δὲ</strong></span> <span class='ocrx_word' id='word_1_49' title='bbox 360 305 467 348; x_wconf 67' lang='grc' dir='ltr'><strong>βιὲλία</strong></span> <span class='ocrx_word' id='word_1_50' title='bbox 489 307 512 338; x_wconf 83' lang='grc' dir='ltr'><strong>ε’·</strong></span> <span class='ocrx_word' id='word_1_51' title='bbox 531 307 737 352; x_wconf 67' lang='grc' dir='ltr'>ἐπιγράφεται</span> <span class='ocrx_word' id='word_1_52' title='bbox 751 303 786 337; x_wconf 65' lang='grc' dir='ltr'><strong>δὲ</strong></span> <span class='ocrx_word' id='word_1_53' title='bbox 804 306 823 340; x_wconf 77' lang='grc' dir='ltr'><strong>’ἡ</strong></span> <span class='ocrx_word' id='word_1_54' title='bbox 840 307 968 350; x_wconf 77' lang='grc' dir='ltr'>πέμπτη</span> <span class='ocrx_word' id='word_1_55' title='bbox 982 305 1081 348; x_wconf 74' lang='grc' dir='ltr'>χιλιὰς</span> <span class='ocrx_word' id='word_1_56' title='bbox 1098 305 1169 350; x_wconf 81' lang='grc' dir='ltr'>περὶ</span> <span class='ocrx_word' id='word_1_57' title='bbox 1188 319 1263 351; x_wconf 84' lang='grc' dir='ltr'>χρη-</span> 
     </span>
     <span class='ocr_line' id='line_1_7' title="bbox 78 361 1264 404; baseline 0.001 -13"><span class='ocrx_word' id='word_1_58' title='bbox 78 364 182 403; x_wconf 84' lang='grc' dir='ltr'>σμῶν,</span> <span class='ocrx_word' id='word_1_59' title='bbox 200 363 240 399; x_wconf 83' lang='grc' dir='ltr'><strong>ὡς</strong></span> <span class='ocrx_word' id='word_1_60' title='bbox 259 362 364 404; x_wconf 86' lang='grc' dir='ltr'>χιλίων</span> <span class='ocrx_word' id='word_1_61' title='bbox 389 362 463 394; x_wconf 82' lang='grc' dir='ltr'>ἐτῶν</span> <span class='ocrx_word' id='word_1_62' title='bbox 484 361 716 394; x_wconf 73' lang='grc' dir='ltr'>ἀποτελοῦνται.</span> <span class='ocrx_word' id='word_1_63' title='bbox 736 362 854 393; x_wconf 82' lang='lat' dir='ltr'><strong>Ultima</strong></span> <span class='ocrx_word' id='word_1_64' title='bbox 878 362 957 392; x_wconf 83' lang='lat' dir='ltr'><strong>male</strong></span> <span class='ocrx_word' id='word_1_65' title='bbox 979 362 1018 391; x_wconf 85' lang='lat' dir='ltr'><strong>ab</strong></span> <span class='ocrx_word' id='word_1_66' title='bbox 1039 362 1264 404; x_wconf 81' lang='lat' dir='ltr'><strong>interpolatore</strong></span> 
     </span>
     <span class='ocr_line' id='line_1_8' title="bbox 77 415 1262 457; baseline 0.002 -13"><span class='ocrx_word' id='word_1_67' title='bbox 77 426 246 448; x_wconf 86' lang='lat' dir='ltr'><strong>accessere.</strong></span> <span class='ocrx_word' id='word_1_68' title='bbox 262 418 411 448; x_wconf 88' lang='lat' dir='ltr'><strong>Ceterum</strong></span> <span class='ocrx_word' id='word_1_69' title='bbox 429 418 497 448; x_wconf 83' lang='lat' dir='ltr'><strong>haec</strong></span> <span class='ocrx_word' id='word_1_70' title='bbox 512 418 573 447; x_wconf 83' lang='lat' dir='ltr'><strong>viri</strong></span> <span class='ocrx_word' id='word_1_71' title='bbox 593 416 680 447; x_wconf 77' lang='lat' dir='ltr'><strong>docti</strong></span> <span class='ocrx_word' id='word_1_72' title='bbox 696 417 739 447; x_wconf 88' lang='lat' dir='ltr'><strong>ita</strong></span> <span class='ocrx_word' id='word_1_73' title='bbox 754 416 966 457; x_wconf 83' lang='lat' dir='ltr'><strong>accipiebant,</strong></span> <span class='ocrx_word' id='word_1_74' title='bbox 982 422 1018 445; x_wconf 91' lang='lat' dir='ltr'><strong>ut</strong></span> <span class='ocrx_word' id='word_1_75' title='bbox 1035 426 1116 456; x_wconf 87' lang='lat' dir='ltr'><strong>opus</strong></span> <span class='ocrx_word' id='word_1_76' title='bbox 1131 415 1210 445; x_wconf 89' lang='lat' dir='ltr'><strong>illud</strong></span> <span class='ocrx_word' id='word_1_77' title='bbox 1228 416 1262 446; x_wconf 90' lang='lat' dir='ltr'><strong>in</strong></span> 
     </span>
     <span class='ocr_line' id='line_1_9' title="bbox 76 466 1262 512; baseline -0.001 -13"><span class='ocrx_word' id='word_1_78' title='bbox 76 469 218 510; x_wconf 84' lang='lat' dir='ltr'><strong>quinque</strong></span> <span class='ocrx_word' id='word_1_79' title='bbox 238 471 386 501; x_wconf 81' lang='lat' dir='ltr'><strong>chiliades</strong></span> <span class='ocrx_word' id='word_1_80' title='bbox 409 471 547 501; x_wconf 81' lang='lat' dir='ltr'><strong>divisum</strong></span> <span class='ocrx_word' id='word_1_81' title='bbox 562 478 721 511; x_wconf 87' lang='lat' dir='ltr'><strong>putarent,</strong></span> <span class='ocrx_word' id='word_1_82' title='bbox 740 480 875 511; x_wconf 89' lang='lat' dir='ltr'><strong>quarum</strong></span> <span class='ocrx_word' id='word_1_83' title='bbox 892 470 1002 510; x_wconf 85' lang='lat' dir='ltr'><strong>quinta</strong></span> <span class='ocrx_word' id='word_1_84' title='bbox 1024 466 1096 512; x_wconf 83' lang='grc' dir='ltr'>περὶ</span> <span class='ocrx_word' id='word_1_85' title='bbox 1117 471 1262 511; x_wconf 80' lang='grc' dir='ltr'>χρησμῶν</span> 
     </span>
     <span class='ocr_line' id='line_1_10' title="bbox 74 519 1263 565; baseline 0 -14"><span class='ocrx_word' id='word_1_86' title='bbox 74 523 225 564; x_wconf 86' lang='lat' dir='ltr'><strong>inscripta</strong></span> <span class='ocrx_word' id='word_1_87' title='bbox 238 532 327 555; x_wconf 89' lang='lat' dir='ltr'><strong>esset.</strong></span> <span class='ocrx_word' id='word_1_88' title='bbox 344 528 388 556; x_wconf 92' lang='lat' dir='ltr'><strong>At</strong></span> <span class='ocrx_word' id='word_1_89' title='bbox 406 527 550 565; x_wconf 87' lang='lat' dir='ltr'><strong>Toupius</strong></span> <span class='ocrx_word' id='word_1_90' title='bbox 568 519 720 558; x_wconf 69' lang='grc' dir='ltr'>Χιλιάὸας</span> <span class='ocrx_word' id='word_1_91' title='bbox 735 534 815 564; x_wconf 85' lang='lat' dir='ltr'><strong>opus</strong></span> <span class='ocrx_word' id='word_1_92' title='bbox 834 523 941 553; x_wconf 77' lang='lat' dir='ltr'><strong>stat-uit</strong></span> <span class='ocrx_word' id='word_1_93' title='bbox 955 522 1115 553; x_wconf 84' lang='lat' dir='ltr'><strong>diversum</strong></span> <span class='ocrx_word' id='word_1_94' title='bbox 1133 522 1228 552; x_wconf 84' lang='lat' dir='ltr'><strong>fuisse</strong></span> <span class='ocrx_word' id='word_1_95' title='bbox 1247 533 1263 551; x_wconf 86' lang='lat' dir='ltr'><strong>a</strong></span> 
     </span>
     <span class='ocr_line' id='line_1_11' title="bbox 74 575 1263 621; baseline -0.001 -14"><span class='ocrx_word' id='word_1_96' title='bbox 74 578 241 619; x_wconf 89' lang='lat' dir='ltr'><strong>Mopsopia</strong></span> <span class='ocrx_word' id='word_1_97' title='bbox 257 589 264 609; x_wconf 87' lang='lat'>:</span> <span class='ocrx_word' id='word_1_98' title='bbox 276 581 423 619; x_wconf 88' lang='lat' dir='ltr'><strong>quintum</strong></span> <span class='ocrx_word' id='word_1_99' title='bbox 433 579 552 609; x_wconf 91' lang='lat' dir='ltr'><strong>librum</strong></span> <span class='ocrx_word' id='word_1_100' title='bbox 561 575 631 621; x_wconf 85' lang='grc' dir='ltr'>περὶ</span> <span class='ocrx_word' id='word_1_101' title='bbox 641 580 784 621; x_wconf 77' lang='grc' dir='ltr'>χρησμῶν</span> <span class='ocrx_word' id='word_1_102' title='bbox 794 578 982 618; x_wconf 89' lang='lat' dir='ltr'><strong>inscriptum</strong></span> <span class='ocrx_word' id='word_1_103' title='bbox 997 576 1101 607; x_wconf 88' lang='lat' dir='ltr'><strong>fuisse.</strong></span> <span class='ocrx_word' id='word_1_104' title='bbox 1117 577 1149 607; x_wconf 91' lang='lat' dir='ltr'><strong>Si</strong></span> <span class='ocrx_word' id='word_1_105' title='bbox 1159 583 1263 606; x_wconf 85' lang='lat' dir='ltr'><strong>tamen</strong></span> 
     </span>
     <span class='ocr_line' id='line_1_12' title="bbox 76 629 1262 674; baseline -0.001 -13"><span class='ocrx_word' id='word_1_106' title='bbox 76 631 160 662; x_wconf 86' lang='lat' dir='ltr'><strong>mille</strong></span> <span class='ocrx_word' id='word_1_107' title='bbox 169 632 203 662; x_wconf 88' lang='lat' dir='ltr'><strong>hi</strong></span> <span class='ocrx_word' id='word_1_108' title='bbox 219 635 293 664; x_wconf 90' lang='lat' dir='ltr'><strong>anni</strong></span> <span class='ocrx_word' id='word_1_109' title='bbox 307 633 416 674; x_wconf 76' lang='lat' dir='ltr'><strong>quinto</strong></span> <span class='ocrx_word' id='word_1_110' title='bbox 427 632 505 663; x_wconf 85' lang='lat' dir='ltr'><strong>libro</strong></span> <span class='ocrx_word' id='word_1_111' title='bbox 515 643 633 664; x_wconf 87' lang='lat' dir='ltr'><strong>nomen</strong></span> <span class='ocrx_word' id='word_1_112' title='bbox 641 629 782 673; x_wconf 71' lang='grc' dir='ltr'>χιλιάδος</span> <span class='ocrx_word' id='word_1_113' title='bbox 791 632 918 669; x_wconf 87' lang='lat' dir='ltr'><strong>dedere,</strong></span> <span class='ocrx_word' id='word_1_114' title='bbox 927 631 1012 662; x_wconf 91' lang='lat' dir='ltr'><strong>unde</strong></span> <span class='ocrx_word' id='word_1_115' title='bbox 1022 655 1031 669; x_wconf 91' lang='lat'>‚</span> <span class='ocrx_word' id='word_1_116' title='bbox 1047 641 1154 671; x_wconf 87' lang='lat' dir='ltr'><strong>quaeso</strong></span> <span class='ocrx_word' id='word_1_117' title='bbox 1163 653 1171 668; x_wconf 88' lang='lat'><strong>,</strong></span> <span class='ocrx_word' id='word_1_118' title='bbox 1188 642 1262 671; x_wconf 86' lang='lat' dir='ltr'><strong>qua-</strong></span> 
     </span>
     <span class='ocr_line' id='line_1_13' title="bbox 74 685 1260 726; baseline 0 -12"><span class='ocrx_word' id='word_1_119' title='bbox 74 692 148 715; x_wconf 88' lang='lat' dir='ltr'><strong>tuor</strong></span> <span class='ocrx_word' id='word_1_120' title='bbox 157 689 253 716; x_wconf 89' lang='lat' dir='ltr'><strong>ceteri</strong></span> <span class='ocrx_word' id='word_1_121' title='bbox 262 688 336 717; x_wconf 86' lang='lat' dir='ltr'><strong>libri</strong></span> <span class='ocrx_word' id='word_1_122' title='bbox 345 688 406 718; x_wconf 92' lang='lat' dir='ltr'><strong>hoc</strong></span> <span class='ocrx_word' id='word_1_123' title='bbox 415 687 499 718; x_wconf 90' lang='lat' dir='ltr'><strong>idem</strong></span> <span class='ocrx_word' id='word_1_124' title='bbox 512 686 690 718; x_wconf 79' lang='lat' dir='ltr'><strong>Chiliadum</strong></span> <span class='ocrx_word' id='word_1_125' title='bbox 700 697 817 717; x_wconf 89' lang='lat' dir='ltr'><strong>nomen</strong></span> <span class='ocrx_word' id='word_1_126' title='bbox 825 685 983 716; x_wconf 82' lang='lat' dir='ltr'><strong>habuere?</strong></span> <span class='ocrx_word' id='word_1_127' title='bbox 990 692 1044 715; x_wconf 85' lang='lat' dir='ltr'><strong>aut</strong></span> <span class='ocrx_word' id='word_1_128' title='bbox 1052 685 1144 726; x_wconf 89' lang='lat' dir='ltr'><strong>quale</strong></span> <span class='ocrx_word' id='word_1_129' title='bbox 1153 696 1260 715; x_wconf 87' lang='lat' dir='ltr'><strong>earum</strong></span> 
     </span>
     <span class='ocr_line' id='line_1_14' title="bbox 75 740 1261 782; baseline 0 -15"><span class='ocrx_word' id='word_1_130' title='bbox 75 748 294 779; x_wconf 82' lang='lat' dir='ltr'><strong>argumentum</strong></span> <span class='ocrx_word' id='word_1_131' title='bbox 306 741 400 771; x_wconf 81' lang='lat' dir='ltr'><strong>fuisse</strong></span> <span class='ocrx_word' id='word_1_132' title='bbox 410 741 559 779; x_wconf 83' lang='lat' dir='ltr'><strong>dicemus,</strong></span> <span class='ocrx_word' id='word_1_133' title='bbox 568 740 655 782; x_wconf 90' lang='lat' dir='ltr'><strong>quod</strong></span> <span class='ocrx_word' id='word_1_134' title='bbox 669 751 684 770; x_wconf 91' lang='lat' dir='ltr'><strong>a</strong></span> <span class='ocrx_word' id='word_1_135' title='bbox 694 741 869 770; x_wconf 86' lang='lat' dir='ltr'><strong>millenario</strong></span> <span class='ocrx_word' id='word_1_136' title='bbox 879 750 1012 770; x_wconf 86' lang='lat' dir='ltr'><strong>numero</strong></span> <span class='ocrx_word' id='word_1_137' title='bbox 1022 740 1191 779; x_wconf 88' lang='lat' dir='ltr'><strong>quicquam</strong></span> <span class='ocrx_word' id='word_1_138' title='bbox 1203 746 1261 768; x_wconf 83' lang='lat' dir='ltr'><strong>tra-</strong></span> 
     </span>
     <span class='ocr_line' id='line_1_15' title="bbox 73 789 1260 835; baseline 0 -14"><span class='ocrx_word' id='word_1_139' title='bbox 73 792 179 823; x_wconf 82' lang='lat' dir='ltr'><strong>heret?</strong></span> <span class='ocrx_word' id='word_1_140' title='bbox 192 796 286 824; x_wconf 84' lang='lat' dir='ltr'><strong>Estne</strong></span> <span class='ocrx_word' id='word_1_141' title='bbox 303 806 399 835; x_wconf 90' lang='lat' dir='ltr'><strong>porro</strong></span> <span class='ocrx_word' id='word_1_142' title='bbox 411 797 548 825; x_wconf 86' lang='lat' dir='ltr'><strong>sermoni</strong></span> <span class='ocrx_word' id='word_1_143' title='bbox 560 795 621 824; x_wconf 89' lang='lat' dir='ltr'><strong>hoc</strong></span> <span class='ocrx_word' id='word_1_144' title='bbox 635 801 880 824; x_wconf 86' lang='lat' dir='ltr'><strong>consentaneum</strong></span> <span class='ocrx_word' id='word_1_145' title='bbox 890 816 898 830; x_wconf 94' lang='lat'>‚</span> <span class='ocrx_word' id='word_1_146' title='bbox 915 789 1030 823; x_wconf 66' lang='grc' dir='ltr'>Χιλιοίὸ</span> <span class='ocrx_word' id='word_1_147' title='bbox 1031 803 1052 822; x_wconf 87' lang='grc' dir='ltr'>οι</span> <span class='ocrx_word' id='word_1_148' title='bbox 1064 793 1212 832; x_wconf 89' lang='lat' dir='ltr'><strong>appellari</strong></span> <span class='ocrx_word' id='word_1_149' title='bbox 1226 794 1260 822; x_wconf 89' lang='lat' dir='ltr'><strong>li-</strong></span> 
     </span>
     <span class='ocr_line' id='line_1_16' title="bbox 74 841 1258 889; baseline -0.001 -15"><span class='ocrx_word' id='word_1_150' title='bbox 74 845 183 883; x_wconf 86' lang='lat' dir='ltr'><strong>brum,</strong></span> <span class='ocrx_word' id='word_1_151' title='bbox 200 849 234 878; x_wconf 87' lang='lat' dir='ltr'><strong>in</strong></span> <span class='ocrx_word' id='word_1_152' title='bbox 248 859 312 888; x_wconf 89' lang='lat' dir='ltr'><strong>quo</strong></span> <span class='ocrx_word' id='word_1_153' title='bbox 326 841 452 878; x_wconf 85' lang='lat' dir='ltr'><strong>oracula</strong></span> <span class='ocrx_word' id='word_1_154' title='bbox 466 854 683 889; x_wconf 82' lang='lat' dir='ltr'><strong>exponuntur,</strong></span> <span class='ocrx_word' id='word_1_155' title='bbox 695 858 751 887; x_wconf 88' lang='lat' dir='ltr'><strong>per</strong></span> <span class='ocrx_word' id='word_1_156' title='bbox 763 847 848 877; x_wconf 74' lang='lat' dir='ltr'><strong>mille</strong></span> <span class='ocrx_word' id='word_1_157' title='bbox 863 857 961 877; x_wconf 83' lang='lat' dir='ltr'><strong>annos</strong></span> <span class='ocrx_word' id='word_1_158' title='bbox 974 846 1012 875; x_wconf 90' lang='lat' dir='ltr'><strong>ad</strong></span> <span class='ocrx_word' id='word_1_159' title='bbox 1026 852 1174 875; x_wconf 84' lang='lat' dir='ltr'><strong>eventum</strong></span> <span class='ocrx_word' id='word_1_160' title='bbox 1189 857 1258 885; x_wconf 81' lang='lat' dir='ltr'><strong>per-</strong></span> 
     </span>
     <span class='ocr_line' id='line_1_17' title="bbox 72 899 1258 940; baseline 0 -12"><span class='ocrx_word' id='word_1_161' title='bbox 72 899 185 931; x_wconf 81' lang='lat' dir='ltr'><strong>ducta?</strong></span> <span class='ocrx_word' id='word_1_162' title='bbox 193 902 305 933; x_wconf 87' lang='lat' dir='ltr'><strong>Saltem</strong></span> <span class='ocrx_word' id='word_1_163' title='bbox 313 902 482 933; x_wconf 82' lang='lat' dir='ltr'><strong>dicendum</strong></span> <span class='ocrx_word' id='word_1_164' title='bbox 491 909 566 940; x_wconf 89' lang='lat' dir='ltr'><strong>erat,</strong></span> <span class='ocrx_word' id='word_1_165' title='bbox 577 901 747 931; x_wconf 81' lang='lat' dir='ltr'><strong>chiliadem</strong></span> <span class='ocrx_word' id='word_1_166' title='bbox 756 911 913 931; x_wconf 83' lang='lat' dir='ltr'><strong>annorum</strong></span> <span class='ocrx_word' id='word_1_167' title='bbox 922 911 1041 930; x_wconf 89' lang='lat' dir='ltr'><strong>nomen</strong></span> <span class='ocrx_word' id='word_1_168' title='bbox 1047 899 1258 940; x_wconf 77' lang='lat' dir='ltr'><strong>suppeditasse</strong></span> 
     </span>
     <span class='ocr_line' id='line_1_18' title="bbox 72 953 1257 997; baseline 0 -15"><span class='ocrx_word' id='word_1_169' title='bbox 72 953 153 984; x_wconf 89' lang='lat' dir='ltr'><strong>libro</strong></span> <span class='ocrx_word' id='word_1_170' title='bbox 164 977 172 991; x_wconf 90' lang='lat'><strong><em>‚</em></strong></span> <span class='ocrx_word' id='word_1_171' title='bbox 196 963 232 985; x_wconf 91' lang='lat' dir='ltr'><strong>ut</strong></span> <span class='ocrx_word' id='word_1_172' title='bbox 254 953 352 995; x_wconf 74' lang='grc' dir='ltr'>χιλιὰς</span> <span class='ocrx_word' id='word_1_173' title='bbox 369 956 499 986; x_wconf 88' lang='lat' dir='ltr'><strong>inscribi</strong></span> <span class='ocrx_word' id='word_1_174' title='bbox 517 962 631 997; x_wconf 88' lang='lat' dir='ltr'><strong>posset.</strong></span> <span class='ocrx_word' id='word_1_175' title='bbox 652 955 826 986; x_wconf 89' lang='lat' dir='ltr'><strong>Oraculum</strong></span> <span class='ocrx_word' id='word_1_176' title='bbox 841 965 917 984; x_wconf 87' lang='lat' dir='ltr'><strong>vero</strong></span> <span class='ocrx_word' id='word_1_177' title='bbox 932 956 1106 984; x_wconf 89' lang='lat' dir='ltr'><strong>Locrorum</strong></span> <span class='ocrx_word' id='word_1_178' title='bbox 1117 975 1125 990; x_wconf 86' lang='lat'>‚</span> <span class='ocrx_word' id='word_1_179' title='bbox 1152 961 1187 983; x_wconf 88' lang='lat' dir='ltr'><strong>ut</strong></span> <span class='ocrx_word' id='word_1_180' title='bbox 1201 964 1257 993; x_wconf 88' lang='lat' dir='ltr'><strong>per</strong></span> 
     </span>
     <span class='ocr_line' id='line_1_19' title="bbox 72 1007 1257 1050; baseline -0.001 -13"><span class='ocrx_word' id='word_1_181' title='bbox 72 1008 156 1038; x_wconf 90' lang='lat' dir='ltr'><strong>mille</strong></span> <span class='ocrx_word' id='word_1_182' title='bbox 169 1020 265 1039; x_wconf 86' lang='lat' dir='ltr'><strong>annos</strong></span> <span class='ocrx_word' id='word_1_183' title='bbox 280 1011 438 1050; x_wconf 83' lang='lat' dir='ltr'><strong>placarent</strong></span> <span class='ocrx_word' id='word_1_184' title='bbox 452 1011 629 1041; x_wconf 79' lang='lat' dir='ltr'><strong>Minervam</strong></span> <span class='ocrx_word' id='word_1_185' title='bbox 643 1010 788 1039; x_wconf 87' lang='lat' dir='ltr'><strong>Iliensem</strong></span> <span class='ocrx_word' id='word_1_186' title='bbox 799 1032 807 1046; x_wconf 94' lang='lat'><em>‚</em></span> <span class='ocrx_word' id='word_1_187' title='bbox 824 1009 961 1039; x_wconf 87' lang='lat' dir='ltr'><strong>alienum</strong></span> <span class='ocrx_word' id='word_1_188' title='bbox 979 1015 1025 1037; x_wconf 85' lang='lat' dir='ltr'><strong>est</strong></span> <span class='ocrx_word' id='word_1_189' title='bbox 1040 1007 1079 1037; x_wconf 86' lang='lat' dir='ltr'><strong>ab</strong></span> <span class='ocrx_word' id='word_1_190' title='bbox 1098 1007 1130 1037; x_wconf 91' lang='lat' dir='ltr'><strong>h.</strong></span> <span class='ocrx_word' id='word_1_191' title='bbox 1150 1008 1171 1037; x_wconf 94' lang='lat' dir='ltr'><strong>l.</strong></span> <span class='ocrx_word' id='word_1_192' title='bbox 1191 1018 1257 1037; x_wconf 90' lang='lat' dir='ltr'><strong>non</strong></span> 
     </span>
     <span class='ocr_line' id='line_1_20' title="bbox 71 1061 1256 1105; baseline -0.001 -14"><span class='ocrx_word' id='word_1_193' title='bbox 71 1064 156 1092; x_wconf 86' lang='lat' dir='ltr'><strong>enim</strong></span> <span class='ocrx_word' id='word_1_194' title='bbox 171 1064 250 1094; x_wconf 85' lang='lat' dir='ltr'><strong>illud</strong></span> <span class='ocrx_word' id='word_1_195' title='bbox 263 1064 300 1093; x_wconf 91' lang='lat' dir='ltr'><strong>de</strong></span> <span class='ocrx_word' id='word_1_196' title='bbox 319 1072 434 1094; x_wconf 79' lang='lat' dir='ltr'><strong>eventu</strong></span> <span class='ocrx_word' id='word_1_197' title='bbox 449 1066 511 1105; x_wconf 84' lang='lat' dir='ltr'><strong>agit</strong></span> <span class='ocrx_word' id='word_1_198' title='bbox 528 1071 600 1104; x_wconf 88' lang='lat' dir='ltr'><strong>post</strong></span> <span class='ocrx_word' id='word_1_199' title='bbox 612 1064 696 1094; x_wconf 89' lang='lat' dir='ltr'><strong>mille</strong></span> <span class='ocrx_word' id='word_1_200' title='bbox 712 1074 820 1093; x_wconf 87' lang='lat' dir='ltr'><strong>annos.</strong></span> <span class='ocrx_word' id='word_1_201' title='bbox 837 1062 1063 1093; x_wconf 87' lang='lat' dir='ltr'><strong>Difficultatem</strong></span> <span class='ocrx_word' id='word_1_202' title='bbox 1078 1061 1171 1098; x_wconf 88' lang='lat' dir='ltr'><strong>adeo,</strong></span> <span class='ocrx_word' id='word_1_203' title='bbox 1186 1072 1256 1101; x_wconf 81' lang='lat' dir='ltr'><strong>quae</strong></span> 
     </span>
     <span class='ocr_line' id='line_1_21' title="bbox 70 1115 1255 1159; baseline 0 -14"><span class='ocrx_word' id='word_1_204' title='bbox 70 1117 105 1145; x_wconf 81' lang='lat' dir='ltr'><strong>in</strong></span> <span class='ocrx_word' id='word_1_205' title='bbox 122 1117 170 1147; x_wconf 87' lang='lat' dir='ltr'><strong>his</strong></span> <span class='ocrx_word' id='word_1_206' title='bbox 186 1125 266 1155; x_wconf 88' lang='lat' dir='ltr'><strong>erat,</strong></span> <span class='ocrx_word' id='word_1_207' title='bbox 286 1129 351 1148; x_wconf 88' lang='lat' dir='ltr'><strong>non</strong></span> <span class='ocrx_word' id='word_1_208' title='bbox 365 1119 491 1149; x_wconf 85' lang='lat' dir='ltr'><strong>sustulit</strong></span> <span class='ocrx_word' id='word_1_209' title='bbox 507 1119 557 1148; x_wconf 87' lang='lat' dir='ltr'><strong>vir</strong></span> <span class='ocrx_word' id='word_1_210' title='bbox 572 1118 683 1148; x_wconf 87' lang='lat' dir='ltr'><strong>doctus</strong></span> <span class='ocrx_word' id='word_1_211' title='bbox 694 1141 703 1155; x_wconf 88' lang='lat'>‚</span> <span class='ocrx_word' id='word_1_212' title='bbox 716 1117 771 1147; x_wconf 84' lang='lat' dir='ltr'><strong>sed</strong></span> <span class='ocrx_word' id='word_1_213' title='bbox 785 1118 922 1159; x_wconf 89' lang='lat' dir='ltr'><strong>reliquit.</strong></span> <span class='ocrx_word' id='word_1_214' title='bbox 937 1117 1042 1146; x_wconf 82' lang='lat' dir='ltr'><strong>Verba</strong></span> <span class='ocrx_word' id='word_1_215' title='bbox 1057 1115 1161 1146; x_wconf 74' lang='lat' dir='ltr'><strong>Suidae</strong></span> <span class='ocrx_word' id='word_1_216' title='bbox 1179 1116 1255 1146; x_wconf 87' lang='lat' dir='ltr'><strong>adeo</strong></span> 
     </span>
     <span class='ocr_line' id='line_1_22' title="bbox 71 1169 1255 1211; baseline -0.002 -12"><span class='ocrx_word' id='word_1_217' title='bbox 71 1178 237 1211; x_wconf 76' lang='lat' dir='ltr'><strong>corrupta,</strong></span> <span class='ocrx_word' id='word_1_218' title='bbox 257 1179 287 1201; x_wconf 90' lang='lat' dir='ltr'><strong>et</strong></span> <span class='ocrx_word' id='word_1_219' title='bbox 314 1172 392 1201; x_wconf 85' lang='lat' dir='ltr'><strong>male</strong></span> <span class='ocrx_word' id='word_1_220' title='bbox 409 1173 515 1202; x_wconf 81' lang='lat' dir='ltr'><strong>luxata</strong></span> <span class='ocrx_word' id='word_1_221' title='bbox 537 1178 625 1207; x_wconf 90' lang='lat' dir='ltr'><strong>sunt,</strong></span> <span class='ocrx_word' id='word_1_222' title='bbox 648 1178 685 1200; x_wconf 92' lang='lat' dir='ltr'><strong>ut</strong></span> <span class='ocrx_word' id='word_1_223' title='bbox 707 1171 788 1200; x_wconf 89' lang='lat' dir='ltr'><strong>nihil</strong></span> <span class='ocrx_word' id='word_1_224' title='bbox 810 1178 880 1200; x_wconf 82' lang='lat' dir='ltr'><strong>tuto</strong></span> <span class='ocrx_word' id='word_1_225' title='bbox 903 1181 943 1200; x_wconf 81' lang='lat' dir='ltr'><strong>ex</strong></span> <span class='ocrx_word' id='word_1_226' title='bbox 969 1171 1007 1200; x_wconf 77' lang='lat' dir='ltr'><strong>iis</strong></span> <span class='ocrx_word' id='word_1_227' title='bbox 1026 1169 1170 1210; x_wconf 87' lang='lat' dir='ltr'><strong>colligas,</strong></span> <span class='ocrx_word' id='word_1_228' title='bbox 1195 1170 1255 1198; x_wconf 81' lang='lat' dir='ltr'><strong>nisi</strong></span> 
     </span>
     <span class='ocr_line' id='line_1_23' title="bbox 67 1222 1253 1266; baseline -0.001 -12"><span class='ocrx_word' id='word_1_229' title='bbox 67 1224 148 1254; x_wconf 87' lang='lat' dir='ltr'><strong>forte</strong></span> <span class='ocrx_word' id='word_1_230' title='bbox 161 1225 242 1264; x_wconf 84' lang='lat' dir='ltr'><strong>hoc3</strong></span> <span class='ocrx_word' id='word_1_231' title='bbox 258 1228 284 1255; x_wconf 92' lang='lat' dir='ltr'><strong>si</strong></span> <span class='ocrx_word' id='word_1_232' title='bbox 302 1237 411 1256; x_wconf 87' lang='lat' dir='ltr'><strong>verum</strong></span> <span class='ocrx_word' id='word_1_233' title='bbox 429 1234 475 1256; x_wconf 92' lang='lat' dir='ltr'><strong>est</strong></span> <span class='ocrx_word' id='word_1_234' title='bbox 492 1233 595 1256; x_wconf 88' lang='lat' dir='ltr'><strong>totum</strong></span> <span class='ocrx_word' id='word_1_235' title='bbox 610 1236 690 1266; x_wconf 90' lang='lat' dir='ltr'><strong>opus</strong></span> <span class='ocrx_word' id='word_1_236' title='bbox 702 1236 820 1255; x_wconf 87' lang='lat' dir='ltr'><strong>nomen</strong></span> <span class='ocrx_word' id='word_1_237' title='bbox 836 1222 992 1256; x_wconf 71' lang='grc' dir='ltr'>Χιλιάὸων</span> <span class='ocrx_word' id='word_1_238' title='bbox 1002 1224 1163 1260; x_wconf 87' lang='lat' dir='ltr'><strong>hahuisse,</strong></span> <span class='ocrx_word' id='word_1_239' title='bbox 1180 1234 1253 1263; x_wconf 88' lang='lat' dir='ltr'><strong>pro-</strong></span> 
     </span>
     <span class='ocr_line' id='line_1_24' title="bbox 67 1276 1253 1321; baseline -0.002 -14"><span class='ocrx_word' id='word_1_240' title='bbox 67 1277 171 1308; x_wconf 78' lang='lat' dir='ltr'><strong>babile</strong></span> <span class='ocrx_word' id='word_1_241' title='bbox 194 1278 241 1317; x_wconf 87' lang='lat' dir='ltr'><strong>fit,</strong></span> <span class='ocrx_word' id='word_1_242' title='bbox 256 1281 298 1309; x_wconf 91' lang='lat' dir='ltr'><strong>ita</strong></span> <span class='ocrx_word' id='word_1_243' title='bbox 320 1281 487 1321; x_wconf 86' lang='lat' dir='ltr'><strong>inscriptos</strong></span> <span class='ocrx_word' id='word_1_244' title='bbox 505 1290 569 1309; x_wconf 90' lang='lat' dir='ltr'><strong>esse</strong></span> <span class='ocrx_word' id='word_1_245' title='bbox 584 1279 683 1309; x_wconf 90' lang='lat' dir='ltr'><strong>libros</strong></span> <span class='ocrx_word' id='word_1_246' title='bbox 698 1280 850 1320; x_wconf 89' lang='lat' dir='ltr'><strong>quinque,</strong></span> <span class='ocrx_word' id='word_1_247' title='bbox 873 1285 1038 1319; x_wconf 90' lang='lat' dir='ltr'><strong>propterea</strong></span> <span class='ocrx_word' id='word_1_248' title='bbox 1059 1276 1147 1317; x_wconf 90' lang='lat' dir='ltr'><strong>quod</strong></span> <span class='ocrx_word' id='word_1_249' title='bbox 1169 1277 1253 1306; x_wconf 87' lang='lat' dir='ltr'><strong>mille</strong></span> 
     </span>
     <span class='ocr_line' id='line_1_25' title="bbox 67 1329 1251 1373; baseline -0.001 -14"><span class='ocrx_word' id='word_1_250' title='bbox 67 1329 148 1361; x_wconf 83' lang='grc' dir='ltr'>ἐπῶν</span> <span class='ocrx_word' id='word_1_251' title='bbox 164 1340 252 1362; x_wconf 86' lang='lat' dir='ltr'><strong>erant</strong></span> <span class='ocrx_word' id='word_1_252' title='bbox 263 1356 271 1370; x_wconf 92' lang='lat'><strong>,</strong></span> <span class='ocrx_word' id='word_1_253' title='bbox 287 1332 319 1363; x_wconf 89' lang='lat' dir='ltr'><strong>h.</strong></span> <span class='ocrx_word' id='word_1_254' title='bbox 338 1344 364 1364; x_wconf 83' lang='lat' dir='ltr'><strong>e.</strong></span> <span class='ocrx_word' id='word_1_255' title='bbox 379 1334 464 1363; x_wconf 89' lang='lat' dir='ltr'><strong>mille</strong></span> <span class='ocrx_word' id='word_1_256' title='bbox 482 1333 624 1363; x_wconf 84' lang='lat' dir='ltr'><strong>versibus</strong></span> <span class='ocrx_word' id='word_1_257' title='bbox 641 1333 757 1373; x_wconf 80' lang='lat' dir='ltr'><strong>singuli</strong></span> <span class='ocrx_word' id='word_1_258' title='bbox 779 1332 972 1362; x_wconf 86' lang='lat' dir='ltr'><strong>constabant.</strong></span> <span class='ocrx_word' id='word_1_259' title='bbox 992 1329 1079 1361; x_wconf 82' lang='lat' dir='ltr'><strong>Nihil</strong></span> <span class='ocrx_word' id='word_1_260' title='bbox 1096 1329 1174 1359; x_wconf 90' lang='lat' dir='ltr'><strong>adeo</strong></span> <span class='ocrx_word' id='word_1_261' title='bbox 1195 1337 1251 1366; x_wconf 90' lang='lat' dir='ltr'><strong>est,</strong></span> 
     </span>
     <span class='ocr_line' id='line_1_26' title="bbox 66 1377 1251 1428; baseline 0 -16"><span class='ocrx_word' id='word_1_262' title='bbox 66 1383 153 1422; x_wconf 87' lang='lat' dir='ltr'><strong>quod</strong></span> <span class='ocrx_word' id='word_1_263' title='bbox 172 1385 331 1425; x_wconf 82' lang='lat' dir='ltr'><strong>impediat,</strong></span> <span class='ocrx_word' id='word_1_264' title='bbox 348 1386 431 1416; x_wconf 88' lang='lat' dir='ltr'><strong>idem</strong></span> <span class='ocrx_word' id='word_1_265' title='bbox 445 1397 525 1426; x_wconf 88' lang='lat' dir='ltr'><strong>opus</strong></span> <span class='ocrx_word' id='word_1_266' title='bbox 543 1385 637 1415; x_wconf 87' lang='lat' dir='ltr'><strong>fuisse</strong></span> <span class='ocrx_word' id='word_1_267' title='bbox 650 1382 816 1425; x_wconf 73' lang='grc' dir='ltr'>Μοψοπίοιν</span> <span class='ocrx_word' id='word_1_268' title='bbox 835 1393 866 1415; x_wconf 91' lang='lat' dir='ltr'><strong>et</strong></span> <span class='ocrx_word' id='word_1_269' title='bbox 881 1377 1029 1428; x_wconf 54' lang='lat' dir='ltr'><strong>Krannon,</strong></span> <span class='ocrx_word' id='word_1_270' title='bbox 1053 1390 1083 1412; x_wconf 90' lang='lat' dir='ltr'><strong>et</strong></span> <span class='ocrx_word' id='word_1_271' title='bbox 1098 1379 1251 1416; x_wconf 72' lang='grc' dir='ltr'>Χιλιάὸας</span> 
     </span>
     <span class='ocr_line' id='line_1_27' title="bbox 64 1430 1249 1482; baseline 0.001 -17"><span class='ocrx_word' id='word_1_272' title='bbox 64 1438 254 1478; x_wconf 84' lang='lat' dir='ltr'><strong>appellatum</strong></span> <span class='ocrx_word' id='word_1_273' title='bbox 270 1449 277 1469; x_wconf 73' lang='grc' dir='ltr'>ε</span> <span class='ocrx_word' id='word_1_274' title='bbox 292 1440 345 1469; x_wconf 90' lang='lat' dir='ltr'><strong>sed</strong></span> <span class='ocrx_word' id='word_1_275' title='bbox 359 1440 440 1469; x_wconf 90' lang='lat' dir='ltr'><strong>liber</strong></span> <span class='ocrx_word' id='word_1_276' title='bbox 455 1440 586 1479; x_wconf 82' lang='lat' dir='ltr'><strong>quintus</strong></span> <span class='ocrx_word' id='word_1_277' title='bbox 598 1436 670 1482; x_wconf 81' lang='grc' dir='ltr'>περὶ</span> <span class='ocrx_word' id='word_1_278' title='bbox 683 1442 840 1482; x_wconf 80' lang='grc' dir='ltr'>χρησμῶν,</span> <span class='ocrx_word' id='word_1_279' title='bbox 855 1439 894 1469; x_wconf 88' lang='lat' dir='ltr'><strong>de</strong></span> <span class='ocrx_word' id='word_1_280' title='bbox 907 1430 1042 1469; x_wconf 85' lang='lat' dir='ltr'><strong>oraculis</strong></span> <span class='ocrx_word' id='word_1_281' title='bbox 1057 1437 1174 1478; x_wconf 83' lang='lat' dir='ltr'><strong>agebat.</strong></span> <span class='ocrx_word' id='word_1_282' title='bbox 1192 1438 1249 1466; x_wconf 87' lang='lat' dir='ltr'><strong>At-</strong></span> 
     </span>
     <span class='ocr_line' id='line_1_28' title="bbox 64 1487 1249 1534; baseline -0.001 -14"><span class='ocrx_word' id='word_1_283' title='bbox 64 1498 167 1522; x_wconf 83' lang='lat' dir='ltr'><strong>tamen</strong></span> <span class='ocrx_word' id='word_1_284' title='bbox 191 1492 304 1523; x_wconf 81' lang='lat' dir='ltr'><strong>dubito</strong></span> <span class='ocrx_word' id='word_1_285' title='bbox 328 1503 367 1523; x_wconf 87' lang='lat' dir='ltr'><strong>an</strong></span> <span class='ocrx_word' id='word_1_286' title='bbox 391 1500 474 1523; x_wconf 88' lang='lat' dir='ltr'><strong>recte</strong></span> <span class='ocrx_word' id='word_1_287' title='bbox 496 1500 633 1534; x_wconf 87' lang='lat' dir='ltr'><strong>ponatur</strong></span> <span class='ocrx_word' id='word_1_288' title='bbox 643 1517 652 1530; x_wconf 96' lang='lat'><strong>,</strong></span> <span class='ocrx_word' id='word_1_289' title='bbox 679 1504 787 1524; x_wconf 88' lang='lat' dir='ltr'><strong>omnes</strong></span> <span class='ocrx_word' id='word_1_290' title='bbox 808 1494 950 1534; x_wconf 83' lang='lat' dir='ltr'><strong>quinque</strong></span> <span class='ocrx_word' id='word_1_291' title='bbox 976 1492 1074 1521; x_wconf 89' lang='lat' dir='ltr'><strong>libros</strong></span> <span class='ocrx_word' id='word_1_292' title='bbox 1097 1487 1249 1525; x_wconf 70' lang='grc' dir='ltr'>Χιλιάδας</span> 
     </span>
     <span class='ocr_line' id='line_1_29' title="bbox 62 1547 1248 1589; baseline -0.001 -13"><span class='ocrx_word' id='word_1_293' title='bbox 62 1548 229 1587; x_wconf 88' lang='lat' dir='ltr'><strong>inscriptos</strong></span> <span class='ocrx_word' id='word_1_294' title='bbox 251 1547 354 1577; x_wconf 86' lang='lat' dir='ltr'><strong>fuisse.</strong></span> <span class='ocrx_word' id='word_1_295' title='bbox 382 1547 479 1588; x_wconf 85' lang='lat' dir='ltr'><strong>Apud</strong></span> <span class='ocrx_word' id='word_1_296' title='bbox 501 1548 648 1588; x_wconf 82' lang='lat' dir='ltr'><strong>stephan.</strong></span> <span class='ocrx_word' id='word_1_297' title='bbox 676 1549 752 1589; x_wconf 82' lang='lat' dir='ltr'><strong>Byz.</strong></span> <span class='ocrx_word' id='word_1_298' title='bbox 776 1555 807 1577; x_wconf 90' lang='lat' dir='ltr'><strong>et</strong></span> <span class='ocrx_word' id='word_1_299' title='bbox 829 1547 945 1577; x_wconf 87' lang='lat' dir='ltr'><strong>Athen.</strong></span> <span class='ocrx_word' id='word_1_300' title='bbox 970 1547 1075 1587; x_wconf 85' lang='lat' dir='ltr'><strong>potuit</strong></span> <span class='ocrx_word' id='word_1_301' title='bbox 1095 1547 1248 1586; x_wconf 88' lang='lat' dir='ltr'><strong>scriptum</strong></span> 
     </span>
     <span class='ocr_line' id='line_1_30' title="bbox 62 1597 1247 1643; baseline -0.001 -14"><span class='ocrx_word' id='word_1_302' title='bbox 62 1610 126 1630; x_wconf 89' lang='lat' dir='ltr'><strong>esse</strong></span> <span class='ocrx_word' id='word_1_303' title='bbox 144 1598 172 1629; x_wconf 79' lang='grc' dir='ltr'><strong>ἐν</strong></span> <span class='ocrx_word' id='word_1_304' title='bbox 191 1597 307 1630; x_wconf 72' lang='grc' dir='ltr'>Χιλιάδ</span> <span class='ocrx_word' id='word_1_305' title='bbox 309 1612 328 1637; x_wconf 89' lang='grc' dir='ltr'>ι,</span> <span class='ocrx_word' id='word_1_306' title='bbox 345 1612 409 1641; x_wconf 88' lang='lat' dir='ltr'><strong>quo</strong></span> <span class='ocrx_word' id='word_1_307' title='bbox 425 1601 511 1631; x_wconf 88' lang='lat' dir='ltr'><strong>solus</strong></span> <span class='ocrx_word' id='word_1_308' title='bbox 523 1601 604 1631; x_wconf 90' lang='lat' dir='ltr'><strong>liber</strong></span> <span class='ocrx_word' id='word_1_309' title='bbox 618 1602 760 1642; x_wconf 86' lang='lat' dir='ltr'><strong>quintus,</strong></span> <span class='ocrx_word' id='word_1_310' title='bbox 774 1600 857 1631; x_wconf 88' lang='lat' dir='ltr'><strong>idem</strong></span> <span class='ocrx_word' id='word_1_311' title='bbox 871 1598 942 1642; x_wconf 80' lang='grc' dir='ltr'>περὶ</span> <span class='ocrx_word' id='word_1_312' title='bbox 957 1602 1100 1643; x_wconf 80' lang='grc' dir='ltr'>χρησμῶν</span> <span class='ocrx_word' id='word_1_313' title='bbox 1115 1600 1247 1639; x_wconf 89' lang='lat' dir='ltr'><strong>inscrip-</strong></span> 
     </span>
     <span class='ocr_line' id='line_1_31' title="bbox 62 1653 1248 1696; baseline 0 -14"><span class='ocrx_word' id='word_1_314' title='bbox 62 1659 122 1689; x_wconf 87' lang='lat' dir='ltr'><strong>tus,</strong></span> <span class='ocrx_word' id='word_1_315' title='bbox 138 1660 169 1683; x_wconf 89' lang='lat' dir='ltr'><strong>et</strong></span> <span class='ocrx_word' id='word_1_316' title='bbox 187 1653 272 1683; x_wconf 87' lang='lat' dir='ltr'><strong>mille</strong></span> <span class='ocrx_word' id='word_1_317' title='bbox 287 1654 366 1683; x_wconf 86' lang='lat' dir='ltr'><strong>forte</strong></span> <span class='ocrx_word' id='word_1_318' title='bbox 382 1655 526 1684; x_wconf 84' lang='lat' dir='ltr'><strong>versibus</strong></span> <span class='ocrx_word' id='word_1_319' title='bbox 542 1662 698 1692; x_wconf 86' lang='lat' dir='ltr'><strong>constans,</strong></span> <span class='ocrx_word' id='word_1_320' title='bbox 714 1655 891 1696; x_wconf 85' lang='lat' dir='ltr'><strong>desig-natus</strong></span> <span class='ocrx_word' id='word_1_321' title='bbox 906 1654 975 1684; x_wconf 81' lang='lat' dir='ltr'><strong>fuit.</strong></span> <span class='ocrx_word' id='word_1_322' title='bbox 995 1656 1165 1694; x_wconf 84' lang='lat' dir='ltr'><strong>Scripserat</strong></span> <span class='ocrx_word' id='word_1_323' title='bbox 1178 1653 1248 1683; x_wconf 91' lang='lat' dir='ltr'><strong>Sui-</strong></span> 
     </span>
     <span class='ocr_line' id='line_1_32' title="bbox 59 1701 1246 1750; baseline -0.002 -14"><span class='ocrx_word' id='word_1_324' title='bbox 59 1707 131 1737; x_wconf 86' lang='lat' dir='ltr'><strong>das:</strong></span> <span class='ocrx_word' id='word_1_325' title='bbox 147 1701 214 1736; x_wconf 76' lang='grc' dir='ltr'><strong>εἷτα</strong></span> <span class='ocrx_word' id='word_1_326' title='bbox 235 1706 361 1750; x_wconf 72' lang='grc' dir='ltr'>συνάγει</span> <span class='ocrx_word' id='word_1_327' title='bbox 385 1704 438 1737; x_wconf 65' lang='grc' dir='ltr'>διὰ</span> <span class='ocrx_word' id='word_1_328' title='bbox 462 1706 566 1748; x_wconf 85' lang='grc' dir='ltr'>χιλίων</span> <span class='ocrx_word' id='word_1_329' title='bbox 596 1708 677 1738; x_wconf 80' lang='grc' dir='ltr'>ἐπῶν</span> <span class='ocrx_word' id='word_1_330' title='bbox 703 1708 792 1749; x_wconf 92' lang='lat' dir='ltr'><strong>(non</strong></span> <span class='ocrx_word' id='word_1_331' title='bbox 807 1708 905 1749; x_wconf 82' lang='grc' dir='ltr'>ἐτῶν)</span> <span class='ocrx_word' id='word_1_332' title='bbox 929 1706 1081 1750; x_wconf 77' lang='grc' dir='ltr'>χρησμοὺς</span> <span class='ocrx_word' id='word_1_333' title='bbox 1097 1705 1246 1736; x_wconf 77' lang='grc' dir='ltr'>ἀποτελε-</span> 
     </span>
     <span class='ocr_line' id='line_1_33' title="bbox 61 1756 1244 1804; baseline 0.002 -15"><span class='ocrx_word' id='word_1_334' title='bbox 61 1760 192 1799; x_wconf 81' lang='grc' dir='ltr'>σθέντας,</span> <span class='ocrx_word' id='word_1_335' title='bbox 208 1772 355 1802; x_wconf 86' lang='lat' dir='ltr'><strong>responsa</strong></span> <span class='ocrx_word' id='word_1_336' title='bbox 382 1771 413 1793; x_wconf 92' lang='lat' dir='ltr'><strong>et</strong></span> <span class='ocrx_word' id='word_1_337' title='bbox 438 1770 559 1793; x_wconf 86' lang='lat' dir='ltr'><strong>eventa.</strong></span> <span class='ocrx_word' id='word_1_338' title='bbox 589 1764 635 1792; x_wconf 89' lang='lat' dir='ltr'><strong>Ita</strong></span> <span class='ocrx_word' id='word_1_339' title='bbox 662 1770 745 1792; x_wconf 89' lang='lat' dir='ltr'><strong>recte</strong></span> <span class='ocrx_word' id='word_1_340' title='bbox 775 1763 910 1801; x_wconf 87' lang='lat' dir='ltr'><strong>subjecit</strong></span> <span class='ocrx_word' id='word_1_341' title='bbox 940 1760 1147 1804; x_wconf 65' lang='grc' dir='ltr'>ἐπιγράφεται</span> <span class='ocrx_word' id='word_1_342' title='bbox 1172 1756 1205 1788; x_wconf 69' lang='grc' dir='ltr'><strong>δὲ</strong></span> <span class='ocrx_word' id='word_1_343' title='bbox 1225 1758 1244 1791; x_wconf 68' lang='grc' dir='ltr'><strong>τ’.</strong></span> 
     </span>
     <span class='ocr_line' id='line_1_34' title="bbox 59 1805 968 1859; baseline 0.002 -15"><span class='ocrx_word' id='word_1_344' title='bbox 59 1813 186 1856; x_wconf 82' lang='grc' dir='ltr'>πέμπτη</span> <span class='ocrx_word' id='word_1_345' title='bbox 202 1815 279 1857; x_wconf 91' lang='lat' dir='ltr'><strong>(pro</strong></span> <span class='ocrx_word' id='word_1_346' title='bbox 293 1815 327 1845; x_wconf 80' lang='grc' dir='ltr'><strong>τὸ</strong></span> <span class='ocrx_word' id='word_1_347' title='bbox 347 1815 511 1858; x_wconf 83' lang='grc' dir='ltr'>πέμπτον)</span> <span class='ocrx_word' id='word_1_348' title='bbox 530 1813 630 1856; x_wconf 83' lang='grc' dir='ltr'>χιλιὰς</span> <span class='ocrx_word' id='word_1_349' title='bbox 644 1815 664 1849; x_wconf 75' lang='grc' dir='ltr'>ἦ</span> <span class='ocrx_word' id='word_1_350' title='bbox 677 1814 748 1859; x_wconf 82' lang='grc' dir='ltr'>περὶ</span> <span class='ocrx_word' id='word_1_351' title='bbox 766 1819 921 1859; x_wconf 82' lang='grc' dir='ltr'>χρησμῶν.</span> <span class='ocrx_word' id='word_1_352' title='bbox 963 1805 968 1807; x_wconf 17' lang='grc' dir='ltr'>λ</span> 
     </span>
    </p>

    <p class='ocr_par' dir='ltr' id='par_1_2' title="bbox 27 1866 1244 2175">
     <span class='ocr_line' id='line_1_35' title="bbox 105 1866 1244 1908; baseline -0.004 -9"><span class='ocrx_word' id='word_1_353' title='bbox 105 1870 125 1899; x_wconf 92' lang='lat' dir='ltr'>J</span> <span class='ocrx_word' id='word_1_354' title='bbox 128 1879 176 1898; x_wconf 84' lang='lat' dir='ltr'><strong>arn</strong></span> <span class='ocrx_word' id='word_1_355' title='bbox 189 1868 275 1908; x_wconf 89' lang='lat' dir='ltr'><strong>quod</strong></span> <span class='ocrx_word' id='word_1_356' title='bbox 291 1869 328 1898; x_wconf 89' lang='lat' dir='ltr'><strong>ad</strong></span> <span class='ocrx_word' id='word_1_357' title='bbox 344 1870 470 1900; x_wconf 90' lang='lat' dir='ltr'><strong>Gallum</strong></span> <span class='ocrx_word' id='word_1_358' title='bbox 484 1872 604 1907; x_wconf 85' lang='lat' dir='ltr'><strong>attinet,</strong></span> <span class='ocrx_word' id='word_1_359' title='bbox 619 1881 660 1900; x_wconf 83' lang='lat' dir='ltr'><strong>ex</strong></span> <span class='ocrx_word' id='word_1_360' title='bbox 672 1871 737 1900; x_wconf 86' lang='lat' dir='ltr'><strong>Ecl.</strong></span> <span class='ocrx_word' id='word_1_361' title='bbox 752 1872 783 1900; x_wconf 84' lang='lat' dir='ltr'>X</span> <span class='ocrx_word' id='word_1_362' title='bbox 793 1893 802 1907; x_wconf 91' lang='lat'><strong>,</strong></span> <span class='ocrx_word' id='word_1_363' title='bbox 821 1871 874 1906; x_wconf 85' lang='lat'><strong>50,</strong></span> <span class='ocrx_word' id='word_1_364' title='bbox 894 1866 1073 1899; x_wconf 76' lang='lat' dir='ltr'><strong>Chalcidico</strong></span> <span class='ocrx_word' id='word_1_365' title='bbox 1085 1877 1157 1906; x_wconf 86' lang='lat' dir='ltr'><strong>quae</strong></span> <span class='ocrx_word' id='word_1_366' title='bbox 1171 1873 1244 1895; x_wconf 82' lang='lat' dir='ltr'><strong>sunt</strong></span> 
     </span>
     <span class='ocr_line' id='line_1_36' title="bbox 59 1920 1241 1964; baseline -0.003 -12"><span class='ocrx_word' id='word_1_367' title='bbox 59 1921 138 1952; x_wconf 84' lang='lat' dir='ltr'><strong>milzi</strong></span> <span class='ocrx_word' id='word_1_368' title='bbox 157 1921 287 1951; x_wconf 80' lang='lat' dir='ltr'><strong>condita</strong></span> <span class='ocrx_word' id='word_1_369' title='bbox 313 1933 427 1959; x_wconf 79' lang='lat' dir='ltr'><strong>versu,</strong></span> <span class='ocrx_word' id='word_1_370' title='bbox 445 1930 482 1952; x_wconf 91' lang='lat' dir='ltr'><strong>ut</strong></span> <span class='ocrx_word' id='word_1_371' title='bbox 506 1923 664 1960; x_wconf 69' lang='lat' dir='ltr'><strong>diximus,</strong></span> <span class='ocrx_word' id='word_1_372' title='bbox 683 1923 887 1964; x_wconf 80' lang='lat' dir='ltr'><strong>intelligitur,</strong></span> <span class='ocrx_word' id='word_1_373' title='bbox 910 1932 982 1951; x_wconf 90' lang='lat' dir='ltr'><strong>eum</strong></span> <span class='ocrx_word' id='word_1_374' title='bbox 1005 1920 1241 1961; x_wconf 89' lang='lat' dir='ltr'><strong>Euphorionem</strong></span> 
     </span>
     <span class='ocr_line' id='line_1_37' title="bbox 58 1973 1240 2016; baseline -0.003 -11"><span class='ocrx_word' id='word_1_375' title='bbox 58 1974 293 2005; x_wconf 84' lang='lat' dir='ltr'><strong>Chalcidensem</strong></span> <span class='ocrx_word' id='word_1_376' title='bbox 311 1985 365 2004; x_wconf 87' lang='lat' dir='ltr'><strong>seu</strong></span> <span class='ocrx_word' id='word_1_377' title='bbox 386 1976 481 2004; x_wconf 86' lang='lat' dir='ltr'><strong>latine</strong></span> <span class='ocrx_word' id='word_1_378' title='bbox 495 1975 674 2012; x_wconf 85' lang='lat' dir='ltr'><strong>reddidisse,</strong></span> <span class='ocrx_word' id='word_1_379' title='bbox 693 1986 749 2005; x_wconf 89' lang='lat' dir='ltr'><strong>seu</strong></span> <span class='ocrx_word' id='word_1_380' title='bbox 766 1985 958 2016; x_wconf 89' lang='lat' dir='ltr'><strong>quocunque</strong></span> <span class='ocrx_word' id='word_1_381' title='bbox 976 1973 1071 2003; x_wconf 91' lang='lat' dir='ltr'><strong>modo</strong></span> <span class='ocrx_word' id='word_1_382' title='bbox 1092 1975 1158 2011; x_wconf 86' lang='lat' dir='ltr'><strong>ejus</strong></span> <span class='ocrx_word' id='word_1_383' title='bbox 1173 1983 1240 2002; x_wconf 88' lang='lat' dir='ltr'><strong>car-</strong></span> 
     </span>
     <span class='ocr_line' id='line_1_38' title="bbox 57 2026 1241 2068; baseline -0.001 -10"><span class='ocrx_word' id='word_1_384' title='bbox 57 2039 130 2058; x_wconf 91' lang='lat' dir='ltr'><strong>men</strong></span> <span class='ocrx_word' id='word_1_385' title='bbox 144 2028 252 2057; x_wconf 87' lang='lat' dir='ltr'><strong>saltem</strong></span> <span class='ocrx_word' id='word_1_386' title='bbox 270 2028 443 2057; x_wconf 79' lang='lat' dir='ltr'><strong>imitatione</strong></span> <span class='ocrx_word' id='word_1_387' title='bbox 460 2029 645 2067; x_wconf 84' lang='lat' dir='ltr'><strong>expressisse</strong></span> <span class='ocrx_word' id='word_1_388' title='bbox 660 2028 767 2068; x_wconf 83' lang='lat' dir='ltr'><strong>:prius</strong></span> <span class='ocrx_word' id='word_1_389' title='bbox 780 2035 883 2058; x_wconf 88' lang='lat' dir='ltr'><strong>tamen</strong></span> <span class='ocrx_word' id='word_1_390' title='bbox 899 2027 980 2057; x_wconf 89' lang='lat' dir='ltr'><strong>illud</strong></span> <span class='ocrx_word' id='word_1_391' title='bbox 992 2026 1121 2057; x_wconf 88' lang='lat' dir='ltr'><strong>tradunt</strong></span> <span class='ocrx_word' id='word_1_392' title='bbox 1133 2028 1241 2058; x_wconf 90' lang='lat' dir='ltr'><strong>Gram-</strong></span> 
     </span>
     <span class='ocr_line' id='line_1_39' title="bbox 57 2080 1241 2121; baseline -0.001 -10"><span class='ocrx_word' id='word_1_393' title='bbox 57 2083 172 2112; x_wconf 88' lang='lat' dir='ltr'><strong>matici.</strong></span> <span class='ocrx_word' id='word_1_394' title='bbox 190 2082 352 2121; x_wconf 81' lang='lat' dir='ltr'><strong>Quaeritur</strong></span> <span class='ocrx_word' id='word_1_395' title='bbox 370 2091 457 2111; x_wconf 89' lang='lat' dir='ltr'><strong>nunc</strong></span> <span class='ocrx_word' id='word_1_396' title='bbox 468 2103 476 2117; x_wconf 91' lang='lat'>‚</span> <span class='ocrx_word' id='word_1_397' title='bbox 497 2080 657 2120; x_wconf 89' lang='lat' dir='ltr'><strong>quodnam</strong></span> <span class='ocrx_word' id='word_1_398' title='bbox 673 2080 885 2121; x_wconf 88' lang='lat' dir='ltr'><strong>Euphorionis</strong></span> <span class='ocrx_word' id='word_1_399' title='bbox 902 2091 982 2121; x_wconf 88' lang='lat' dir='ltr'><strong>opus</strong></span> <span class='ocrx_word' id='word_1_400' title='bbox 998 2081 1061 2111; x_wconf 90' lang='lat' dir='ltr'><strong>hoc</strong></span> <span class='ocrx_word' id='word_1_401' title='bbox 1079 2080 1184 2112; x_wconf 82' lang='lat' dir='ltr'><strong>fuerit.</strong></span> <span class='ocrx_word' id='word_1_402' title='bbox 1203 2082 1241 2110; x_wconf 89' lang='lat' dir='ltr'><strong>In</strong></span> 
     </span>
     <span class='ocr_line' id='line_1_40' title="bbox 27 2133 1241 2175; baseline 0 -12"><span class='ocrx_word' id='word_1_403' title='bbox 27 2168 37 2175; x_wconf 54' lang='lat'><strong>·</strong></span> <span class='ocrx_word' id='word_1_404' title='bbox 56 2146 115 2165; x_wconf 85' lang='lat' dir='ltr'><strong>vss.</strong></span> <span class='ocrx_word' id='word_1_405' title='bbox 136 2134 184 2164; x_wconf 86' lang='lat' dir='ltr'><strong>his</strong></span> <span class='ocrx_word' id='word_1_406' title='bbox 201 2135 244 2173; x_wconf 89' lang='lat'><strong>69</strong></span> <span class='ocrx_word' id='word_1_407' title='bbox 265 2145 330 2174; x_wconf 86' lang='lat' dir='ltr'><strong>sqq.</strong></span> <span class='ocrx_word' id='word_1_408' title='bbox 348 2133 413 2164; x_wconf 89' lang='lat' dir='ltr'><strong>Ecl.</strong></span> <span class='ocrx_word' id='word_1_409' title='bbox 432 2135 493 2171; x_wconf 84' lang='lat' dir='ltr'><strong>VI,</strong></span> <span class='ocrx_word' id='word_1_410' title='bbox 511 2134 638 2172; x_wconf 84' lang='lat' dir='ltr'><strong>Gallus,</strong></span> <span class='ocrx_word' id='word_1_411' title='bbox 657 2135 822 2164; x_wconf 90' lang='lat' dir='ltr'><strong>Musarum</strong></span> <span class='ocrx_word' id='word_1_412' title='bbox 843 2135 932 2173; x_wconf 86' lang='lat' dir='ltr'><strong>jussu</strong></span> <span class='ocrx_word' id='word_1_413' title='bbox 944 2156 952 2171; x_wconf 91' lang='lat'><strong>,</strong></span> <span class='ocrx_word' id='word_1_414' title='bbox 966 2144 983 2164; x_wconf 82' lang='lat' dir='ltr'><strong>a</strong></span> <span class='ocrx_word' id='word_1_415' title='bbox 1000 2134 1078 2164; x_wconf 89' lang='lat' dir='ltr'><strong>Lino</strong></span> <span class='ocrx_word' id='word_1_416' title='bbox 1097 2134 1241 2164; x_wconf 85' lang='lat' dir='ltr'><strong>traditam</strong></span> 
     </span>
    </p>
   </div>
   <div class='ocr_carea' id='block_1_2' title="bbox 216 2200 1078 2234">
    <p class='ocr_par' dir='ltr' id='par_1_3' title="bbox 216 2200 1078 2234">
     <span class='ocr_line' id='line_1_41' title="bbox 216 2200 1078 2234; baseline 0 -2"><span class='ocrx_word' id='word_1_417' title='bbox 216 2200 244 2232; x_wconf 88' lang='lat' dir='ltr'><strong>I.</strong></span> <span class='ocrx_word' id='word_1_418' title='bbox 1034 2210 1078 2234; x_wconf 79' lang='lat'><strong>12</strong></span> 
     </span>
    </p>
   </div>
  </div>
 </body>
</html>
