1408 2428
537 80 704 110 ECLOGA
731 82 786 111 lx.

1196 93 1207 111 1
1220 93 1229 110 1
1240 95 1257 119 3³

68 141 203 190 Incipit
224 139 406 189 adparere
425 138 596 174 Bianoris
617 151 624 172 ε
647 137 726 183 hic,
749 137 812 174 ubi
832 138 962 175 densas
1225 148 1257 170 60

67 201 252 250 Agricolae
272 200 459 248 stringunt
479 198 649 243 frondes,
669 198 746 243 hic,
768 199 897 244 Moeri,
919 212 1112 244 canamu53

68 261 139 297 Hic
159 261 287 297 haedos
308 259 473 309 depone,
494 267 619 295 tamen
638 259 830 295 veniemus
853 260 890 295 in
911 259 1057 296 urbem.

67 324 145 357 Aut
164 321 213 365 si,
233 333 309 357 nox
329 320 496 369 pluviam
515 332 561 354 ne
582 319 743 368 conligat
764 327 867 364 ante,
888 332 1082 362 veremur,

67 384 265 417 Cantantes
286 380 372 416 licet
391 393 510 429 usque
532 378 674 428 (minus
692 378 753 414 via
773 378 901 428 laedet)
923 392 1060 415 eamus.

66 442 263 477 Cantantes
283 448 325 475 ut
346 452 472 476 eamus
485 468 494 484 ‚
516 451 585 488 ego
606 438 678 474 hoc
699 446 735 474 te
757 439 854 475 fasce
874 437 1019 474 levabo.
1226 449 1258 471 ‹55

593 512 736 535 nonius.

67 559 202 596 Desine
223 559 349 608 plura,
370 570 482 606 puer;
504 566 558 602 et,
580 557 682 606 quod
703 571 802 594 nunc
823 558 953 602 instat,
975 572 1137 608 agamus.

67 621 241 656 Carmina
262 628 341 655 tum
361 618 512 662 melius,
533 631 650 666 quum
671 618 817 654 venerit
836 618 934 668 ipse,
956 632 1143 655 canemus⁴

70 769 141 799 nag.
160 758 256 793 alter;
273 767 331 786 nec
351 756 546 786 male.--60.
564 756 639 784 Bia-

71 815 179 833 norem
212 803 350 833 eundem
379 812 451 831 cum
483 803 574 831 Ocno
609 807 640 829 et

71 851 269 881 conditorem
300 851 441 879 Mantnae
469 847 543 876 facit
571 848 638 876 Ser-

73 898 160 933 vius,
178 896 230 925 hic
255 903 286 925 et
304 895 344 925 ad
371 897 441 926 AEn.
459 896 510 929 X,
531 893 639 931 198—-

73 953 138 972 200
157 965 165 979 ‚
196 953 290 982 quem
314 941 448 971 illustrat
465 962 472 976 ,
503 938 556 968 sed
579 950 640 968 ⁵110

72 1000 157 1019 more
169 1011 177 1025 ‚
202 988 387 1019 Mazochius
403 989 437 1016 in
462 986 546 1015 Diss.
563 985 638 1015 dell.

73 1034 252 1065 Academia
277 1035 313 1064 dl
341 1035 479 1065 Cortona
492 1056 499 1069 ‚
527 1039 548 1062 t.
576 1034 638 1068 ΙΙΙ,

72 1093 102 1121 p.
123 1092 176 1119 27.
200 1082 390 1111 Destituitur
411 1088 514 1110 tamen
539 1086 640 1108 torum

70 1128 131 1157 hoc
147 1135 298 1158 assertum
312 1128 427 1157 idonea
441 1126 638 1160 auctoritate,

70 1184 129 1203 nee
150 1174 228 1205 alius
249 1184 344 1214 quam
364 1174 476 1213 aliquis
494 1184 535 1202 ex
554 1172 640 1201 illus-

70 1220 171 1249 tribus
185 1221 260 1250 viris
273 1221 324 1251 vel
337 1231 377 1250 ex
386 1219 536 1250 heroibus
548 1220 640 1249 Man-

69 1273 240 1297 tuanorum
255 1267 349 1297 fuisse
367 1267 494 1297 videtur
508 1266 560 1295 ille
574 1266 641 1294 Bia-

70 1315 282 1354 nor.Vestigia
289 1321 391 1344 autem
403 1314 514 1355 pressit
522 1311 640 1342 Theoc.

69 1361 148 1396 VII,
172 1370 224 1397 10,
244 1371 294 1390 12.
305 1360 419 1390 -Ηίε
435 1359 491 1389 tibi
505 1361 585 1387 Ven.
596 1375 640 1379 -—

71 1406 90 1435 6
99 1416 110 1435 1
119 1429 126 1435 .
143 1405 303 1446 &ringere
315 1406 450 1446 simplic.
466 1406 524 1434 int.
536 1404 640 1433 decer-

69 1463 144 1492 pere
153 1475 160 1487 ,
175 1458 347 1492 amputare.
359 1452 401 1481 cf.
413 1452 454 1481 ad
465 1450 531 1480 Ecl.
548 1452 572 1485 Ι,
586 1450 638 1486 57.

71 1499 128 1529 Ge.
141 1500 182 1534 ΙΙ,
196 1498 387 1528 368.-62.
401 1500 521 1531 Tamen
530 1495 640 1526 ‘venie—

695 766 772 791 mus,
789 770 804 780 ιι
823 757 944 785 etiamsi
960 756 1137 795 paullulum
1159 760 1261 796 quies-

695 808 799 830 centes
809 801 988 831 dederimus
999 812 1128 841 operam
1137 803 1263 832 cantile-

694 857 751 876 nae.
764 848 973 877 »Seru—63.
986 849 1063 877 Nox
1067 848 1211 888 pluviam
1223 860 1262 878 ne

693 893 837 935 conligat
854 902 949 929 ante,
979 905 1018 924 ne
1043 905 1116 923 cum
1134 906 1263 935 vespera

694 939 794 969 nubes
808 941 842 970 in
857 941 996 981 pluviam
1010 941 1263 981 colligantur.—

695 986 749 1022 64.
762 989 875 1016 Pressit
884 994 915 1016 et
925 987 976 1016 hic
987 988 1117 1027 vestigia
1126 988 1261 1018 Theocr.

694 1035 774 1069 VII,
793 1034 846 1070 35,
865 1034 916 1064 36.
928 1052 974 1057 -—
988 1034 1099 1063 La’det
1110 1044 1182 1064 mss.
1201 1036 1263 1064 fere

695 1090 803 1110 omnes
826 1087 857 1110 et
870 1080 943 1110 edd.
963 1080 1003 1110 ad
1021 1081 1129 1110 Heius,
1146 1091 1262 1121 usque,

695 1127 760 1166 qui,
776 1137 848 1156 cum
863 1127 956 1157 bonis
970 1127 1148 1163 nonnullis,
1166 1127 1266 1157 loedat

695 1174 822 1213 recepit.
836 1174 925 1214 [Plus
938 1173 977 1203 ad
987 1184 1053 1202 rem
1063 1173 1168 1210 laedec,
1181 1181 1212 1204 et
1221 1174 1267 1203 lo·

696 1221 804 1259 quenti
814 1230 956 1261 personae
972 1220 1263 1259 accommodatius]

695 1284 741 1289 -
758 1266 811 1296 65.
840 1268 909 1296 Hoc
924 1265 1020 1307 fasce
1036 1289 1044 1301 ‚
1075 1265 1238 1295 haedomm
1255 1288 1263 1297 .

696 1323 774 1352 quos
789 1319 912 1352 portat,
935 1323 1040 1342 onere.
1061 1330 1107 1333 —-
1122 1311 1176 1341 66.
1200 1313 1263 1340 De—

696 1358 764 1387 sine
774 1360 871 1398 plura
891 1359 1005 1388 dicere.

742 1405 796 1442 67.
820 1406 895 1434 Cum
909 1403 1038 1433 ‘venerit
1054 1403 1120 1443 ipse
1135 1404 1262 1433 Menal-

695 1460 758 1480 cas.
777 1451 873 1481 Goth.
893 1461 955 1481 sec.
974 1468 1019 1472 —
1036 1451 1124 1490 Ipse,
1142 1449 1263 1479 Menal-

694 1507 754 1527 caS.
