1377 2428
536 87 656 117 LIBER
680 87 736 115 IV.

1168 85 1231 123 365)

39 147 186 189 Mores,
205 152 241 180 et
258 143 400 189 studia,
420 152 457 179 et
474 143 651 192 populos,
671 152 707 179 et
726 143 854 191 prael'ia
872 142 1005 180 dicam.

40 208 85 241 In
104 204 206 241 tenui
226 203 351 250 latmi-3
370 211 407 240 at
427 204 548 240 tenuis
566 216 642 239 non
662 203 801 252 gloria,
822 204 853 239 si
872 217 985 252 quem

40 264 204 302 Numina
223 263 316 300 laeva
334 264 477 309 sinunt,
497 262 676 311 auditque
696 272 852 299 vocatus
868 263 1016 312 Apollo.

94 323 284 372 Principio
302 323 408 360 sedes
429 323 562 373 apibus
582 323 770 371 statioque
788 323 969 372 petenda,

41 385 128 429 Quo
146 379 273 431 neque*
287 383 334 420 sit
348 383 469 420 ventis
491 382 612 419 aditus
625 410 635 428 ,
655 395 741 418 nani
761 382 904 431 pabula
923 381 1027 419 venti

40 445 156 479 Ferre
174 442 326 478 domum
345 443 566 492 prohibent3
585 456 706 491 neque
727 455 815 478 oves
830 442 1005 490 haediquc
1020 443 1159 491 petulci
1206 461 1234 475 ιο

41 503 215 539 Floribus
233 503 428 550 insultent,
449 513 513 540 aut
534 516 662 539 errans
682 502 820 538 bucula
841 514 973 550 campo

42 561 218 598 Decutiat
236 573 380 608 rorem,
402 571 438 599 et
457 562 641 613 surgentis
660 560 806 598 adterat
823 560 971 597 herbas.

43 686 160 716 habent
168 708 176 723 ‚
187 688 295 727 scripti
304 695 335 717 et
344 688 435 726 editi,
445 689 535 718 etiam
544 689 612 717 Me-

43 732 103 762 dic.
119 734 196 762 Tam
216 744 327 774 parum
344 736 461 774 peritos
485 736 531 764 rei
548 745 611 763 me-

45 780 130 807 tricae
144 780 215 818 quis
229 780 334 809 credat
348 782 563 820 grammaticos
582 786 613 809 et

42 824 264 855 librariosS'At
283 834 365 855 recte
385 827 539 866 particula
551 837 611 855 me-

43 877 93 900 tro
115 871 243 900 inimica
265 873 387 901 exsulat
408 884 448 902 ex
470 875 563 903 Rom.
581 879 613 901 et

43 917 111 946 aliis
142 917 335 949 melioribus.
365 919 487 948 Mederi
510 918 613 947 voluit

43 963 122 991 vitio
141 970 242 1002 quart.
268 966 382 994 Moret.
401 972 543 1005 totasque
570 975 612 993 ea.-

45 1008 166 1039 ordine.
183 1011 340 1048 Venetus,
363 1011 481 1051 totique
506 1021 548 1039 ex
565 1020 611 1039 or-

44 1054 131 1084 dine.

92 1101 122 1130 5.
136 1100 188 1130 Ad
198 1103 334 1142 populos
347 1103 528 1133 offendebat
557 1105 610 1133 Jo.

43 1145 206 1177 Schrader.
240 1150 274 1178 in
304 1149 423 1179 schedis
434 1173 442 1186 ‚
468 1157 499 1179 et
527 1150 610 1186 conj.

45 1200 146 1222 motus
160 1204 171 1222 .·
187 1194 274 1233 quod
289 1205 361 1224 sane
377 1196 483 1225 locuni
496 1195 612 1224 habere

43 1245 163 1278 posset;
178 1239 233 1267 sed
249 1241 384 1279 populos
408 1241 490 1269 djxjt
507 1247 609 1280 poeta,

2 1288 3 1291 ’
43 1285 117 1324 quia
132 1284 192 1314 suh
206 1284 337 1315 diversis
352 1286 478 1326 regibus
490 1286 609 1315 habeu-

42 1337 96 1359 tur
109 1340 191 1370 apeS.
200 1347 246 1353 -—
257 1331 288 1360 6.
298 1332 391 1361 Forte
406 1332 433 1360 si
445 1342 509 1371 qna
522 1332 572 1361 vel
586 1330 614 1359 si

42 1386 135 1415 quem
145 1386 188 1405 sc.
199 1376 350 1413 laborem,
360 1379 468 1408 Burin.
482 1376 510 1406 si
517 1387 614 1417 quam

42 1421 92 1452 ed.
114 1429 178 1452 vet.
197 1432 247 1462 ap.
270 1422 394 1453 VVakef.
417 1441 461 1446 --
477 1423 497 1452 6
515 1439 562 1446 —-
580 1434 609 1461 7.

43 1466 79 1495 Si
91 1478 184 1507 quem
200 1468 343 1497 Numina
359 1469 439 1498 laeva
448 1469 608 1499 sinuncsc.

40 1512 143 1543 dicere
161 1512 244 1550 haec;
260 1514 347 1554 quod
370 1516 479 1555 utique
500 1516 609 1555 proxi-

40 1569 128 1588 mum
148 1567 204 1590 est.
230 1561 277 1588 Ita
299 1561 324 1589 si
343 1563 518 1590 orationem
533 1571 606 1601 sup-

37 1605 133 1644 plea5‚
149 1605 239 1635 facile
248 1605 392 1646 diSpellas
402 1607 605 1643 nubeculam,

37 1652 220 1681 Burmanno
230 1652 262 1681 h.
274 1652 295 1682 l.
307 1652 462 1690 objectam
474 1663 481 1689 3
498 1663 606 1692 quam-

36 1706 151 1736 quam,
173 1697 249 1726 dum
276 1704 387 1738 negat,
414 1699 517 1728 sinere
547 1698 608 1727 ali-

38 1753 141 1782 quem,
161 1754 239 1783 pro,
254 1743 350 1779 ferre,
370 1745 512 1781 tolerare,
531 1744 605 1780 dici,

38 1788 135 1826 objici
165 1796 288 1830 poterat
311 1790 367 1820 inf.
399 1802 429 1821 v.
460 1797 499 1828 47
536 1791 608 1820 Neu

32 1834 164 1874 propius
195 1835 283 1865 tectis
315 1843 428 1876 taxum
457 1836 535 1866 sine.
562 1853 609 1858 -—-

39 1880 184 1910 Numina
208 1881 289 1911 laeva
314 1889 442 1922 accepta
467 1888 541 1911 sunt
567 1881 606 1911 ab

38 1927 144 1967 Intpp.
160 1928 283 1956 sinistra
293 1949 302 1964 ,
327 1927 470 1963 adversa3
483 1927 607 1957 laudata

34 1973 100 2016 jam
125 1980 172 2002 est
195 1973 362 2002 auctoritas
387 1974 481 2003 Gellii
504 1975 546 2011 V,
566 1984 604 2003 12

38 2025 118 2048 extr.
135 2026 166 2048 et
180 2019 278 2050 Nonii
290 2020 432 2049 Marcelli
449 2021 484 2049 in
501 2019 604 2050 laevus.

37 2065 220 2095 Secundum
242 2065 300 2095 hos
327 2076 435 2095 sensus
456 2073 502 2095 est
520 2075 607 2095 :non

38 2111 183 2152 exiguam
205 2122 245 2140 ex
266 2111 322 2140 tali
350 2113 493 2152 quamvis
520 2113 608 2141 tenui

37 2164 223 2197 argumento
233 2157 364 2198 gloriam
374 2158 528 2198 reportari
536 2167 608 2197 pos-

39 2212 90 2240 se,
110 2203 207 2235 modo
238 2214 295 2244 per
323 2203 450 2235 adversa
473 2204 606 2234 numina

663 686 755 716 liceat
766 706 774 721 ‚
789 686 823 717 h.
840 686 936 716 modo
952 696 991 715 ne
1013 686 1100 725 quod
1116 697 1234 717 numen

665 733 855 769 adversetur,
874 740 904 762 et
920 732 1014 761 modo
1026 733 1142 772 Apollo
1152 734 1234 773 <pas-

666 780 790 816 toralis,
824 778 975 819 Nomius)
1000 780 1167 808 invocatus
1191 781 1234 809 fa-

663 833 744 855 veat.
762 825 935 855 Fatendum
954 832 1067 861 tamen,
1082 825 1236 856 leniorem

665 882 729 900 esse
751 873 906 901 rationem
930 878 961 900 et
981 872 1183 909 juncturam,
1209 874 1236 901 si

666 917 820 954 admittas,
835 917 945 946 laevum
956 917 989 946 h.
1002 917 1024 946 l,
1036 927 1076 946 ex
1091 918 1236 957 augurali

665 963 831 1003 disciplina
839 965 973 1003 petitum
983 961 1158 1003 significare
1165 975 1236 1004 pro-

664 1011 779 1049 pitium
808 1019 816 1039 ;
841 1011 899 1039 etsi
929 1011 1036 1039 Burm.
1064 1017 1234 1049 repugnat,

664 1057 740 1095 quia
758 1056 815 1084 alia
829 1055 925 1093 hujus
941 1066 1015 1084 usus
1031 1055 1172 1095 exempla
1183 1056 1235 1086 de-

663 1102 851 1132 siderantur.
887 1103 1037 1136 Numen,
1077 1101 1233 1139 numina,

665 1149 795 1178 omnino
819 1158 878 1188 pro
905 1148 1069 1177 voluntate
1093 1147 1236 1186 deorum,

664 1195 793 1233 ejusque
807 1193 1017 1223 declaratione
1035 1193 1109 1230 djci‚
1123 1201 1236 1223 uotum

665 1247 728 1276 est;
746 1241 852 1278 itaque
871 1239 936 1268 dici
951 1249 1010 1279 pro
1027 1239 1174 1276 oraculis,
1185 1249 1236 1269 va-

664 1287 800 1321 ticiniis,
819 1285 997 1322 ominibus,
1015 1286 1170 1325 auspiciis.
1197 1286 1235 1314 In

665 1331 727 1361 hoc
743 1338 847 1360 autem
863 1331 987 1360 sinistra
1001 1330 1102 1360 fausta
1113 1341 1177 1361 esse
1186 1341 1234 1360 sa-

668 1379 707 1406 tis
735 1374 875 1413 constat,
892 1377 1076 1406 translatum
1106 1387 1235 1416 quoque

664 1423 703 1452 ad
718 1423 863 1463 prodigia
880 1429 911 1452 et
927 1428 1058 1457 ostenta,
1076 1428 1113 1450 ut
1126 1422 1234 1451 laetum

663 1469 784 1498 fulmen
810 1471 880 1498 AEu.
909 1470 941 1497 II
961 1490 968 1504 ,
999 1467 1064 1506 693
1090 1467 1236 1497 Intonuit

664 1514 798 1549 loevum5
812 1516 878 1549 lx,
896 1515 973 1549 630,
990 1513 1054 1542 631
1072 1512 1187 1543 Audiit
1203 1521 1235 1543 et

667 1560 738 1589 coeli
752 1560 880 1600 genitor
892 1559 931 1588 de
939 1566 1036 1598 parte
1048 1569 1162 1587 serena
1176 1561 1232 1588 In-

661 1605 764 1635 tonuit
788 1606 912 1634 laevum.
945 1606 1000 1634 Est
1031 1614 1106 1644 ergo
1130 1615 1228 1645 augu-

660 1653 744 1680 rium
770 1661 787 1680 a
817 1651 894 1680 laeva
917 1657 1006 1691 parte
1022 1660 1150 1679 Jzumen
1175 1650 1232 1680 lae-

660 1708 740 1727 vum.

709 1744 739 1773 8.
770 1745 818 1773 De
841 1743 968 1773 alvearii
996 1744 1059 1772 situ
1087 1743 1232 1783 praecipit

662 1800 733 1829 quae
748 1790 888 1819 cavenda
896 1791 1013 1818 sint—
1025 1800 1075 1827 17,
1091 1799 1162 1828 quae
1176 1799 1232 1828 op-

664 1835 876 1866 tanda—32.
900 1834 1018 1864 Eadem
1039 1835 1232 1876 praecipiunt

663 1883 766 1911 Varro
796 1883 863 1918 ΠΙ,
888 1881 947 1918 16,
977 1891 1014 1910 12
1046 1891 1113 1921 sq.‚
1135 1891 1232 1920 quem

660 1935 755 1967 poeta
782 1928 913 1956 omnino
937 1934 1089 1967 sequutus
1112 1933 1178 1963 est,
1202 1933 1234 1956 et

660 1974 793 2012 reliqui,
814 1984 892 2012 quos
912 1984 1006 2013 supra
1022 1973 1232 2009 laudavimus,

660 2019 753 2059 impr.
773 2019 898 2049 Colum.
920 2021 986 2056 IX,
1009 2024 1083 2055 4—
1095 2030 1125 2058 7.
1144 2017 1232 2048 Idem

660 2064 770 2093 locum
792 2064 880 2095 hunc
903 2067 1020 2095 excitat
1044 2075 1113 2105 cap,
1138 2071 1157 2100 4
1181 2075 1230 2104 pr.

661 2110 832 2150 Epitheton
855 2111 940 2141 lzcecli
949 2110 1071 2151 petulci
1084 2111 1231 2140 Lucretio

660 2156 769 2185 deberi
783 2159 830 2193 II,
848 2158 924 2195 367,
938 2158 972 2186 in
996 2167 1061 2197 quo
1084 2163 1158 2187 sunt
1173 2166 1231 2197 ag-

659 2202 696 2232 ni
697 2203 821 2243 petulci
828 2203 1029 2234 observatum
1038 2204 1073 2234 in
1086 2202 1228 2237 Macrob.
