1408 2428
607 77 727 106 LIBER
753 77 776 105 Ι.

1224 77 1281 105 181

154 141 232 175 Nec
253 138 391 174 frustra
410 137 602 186 signorum
622 134 747 172 obitus
767 134 1004 184 speculamur
1022 143 1059 172 et
1074 143 1199 181 ortus,

104 196 431 247 Temporibusque
450 207 580 246 parem
600 194 756 231 diversis
772 201 935 243 quatuor
955 207 1104 232 annum.

103 257 275 306 Frigidus
296 257 496 306 agricolam
516 255 546 292 si
566 254 716 304 quando
733 253 898 290 continet
917 253 1038 291 imber
1055 267 1063 289 ε

101 319 238 364 Multa,
260 319 382 354 forent
401 330 484 367 quae
505 330 593 353 mox
612 315 704 352 coelo
725 313 963 364 properanda
983 327 1137 360 sereno,

1239 324 1286 348 260

100 383 294 415 Maturare
315 378 425 414 datur
442 392 451 413 :
473 376 610 412 durum
630 374 807 426 procudit
826 382 952 410 arator

99 441 133 472 V
135 438 270 475 omcris
291 436 418 473 obtusi
439 437 609 482 dentem3
631 445 737 472 cavat
756 433 892 471 arbore
909 433 1038 470 lintres
1046 449 1056 479 ;

100 501 176 533 Aut
198 496 326 546 pecori
345 496 493 545 signum
510 504 573 531 aut
592 508 767 532 numeros
787 493 963 543 inpressit
983 492 1135 529 acervis.

100 559 297 592 Exacuunt
317 555 379 590 alii
398 555 514 592 vallos
535 556 733 606 furcasque
748 553 931 602 bicornis,

96 675 210 716 pinum
226 674 257 704 h.
277 674 360 715 ligna
374 684 408 703 ac
422 675 580 704 materiem
594 682 669 704 tem-

100 723 219 762 pestive
235 720 363 750 caedere.
387 720 577 751 consulatur
593 722 669 751 Cato

100 767 139 797 de
150 769 187 798 R.
203 769 241 798 R.
258 778 284 798 e.
302 768 318 797 3
328 778 339 796 1
359 765 462 808 (unde
474 778 582 798 vocem
595 774 671 796 tem-

96 813 219 853 pestiva
253 814 380 843 ductam
420 823 484 842 esse
524 813 670 842 observat

100 858 243 890 Macroh.
265 861 327 896 VI,
355 866 390 896 4,
415 870 446 898 p.
467 858 564 899 596)
587 859 666 889 Plin.

100 907 192 942 XVI,
210 912 267 943 74,
288 907 346 943 75,
362 916 385 935 s.
406 907 458 944 39.
475 905 513 934 cf.
532 904 642 935 Cerda.

146 953 208 990 257
219 953 348 989 ——267.
364 951 467 980 Habet
486 952 577 980 etiam
593 952 666 982 alias

99 999 256 1035 utilitates,
267 999 293 1026 si
306 997 452 1027 observes
463 997 602 1026 siderum
616 1008 665 1027 or-

99 1051 149 1074 tus
168 1050 198 1075 et
211 1054 339 1075 occasus
359 1050 389 1073 et
402 1045 487 1073 vices
502 1045 574 1073 anni
588 1051 665 1073 tem-

99 1101 225 1131 porum.
240 1108 287 1114 —-
307 1092 383 1130 259.
407 1089 577 1131 Agricolas
600 1090 666 1119 lau-

99 1136 151 1167 dat
174 1137 316 1168 Macrob.
337 1139 402 1174 VI,
427 1143 457 1173 4.
474 1154 522 1159 —-
539 1136 670 1166 Detinet

98 1182 146 1213 ed.
171 1184 252 1214 Ven.
277 1200 324 1206 —-
356 1184 432 1213 260.
460 1183 492 1213 Si
522 1183 667 1222 pluvium

99 1237 225 1270 tempus
240 1229 385 1259 continet
396 1230 428 1260 h.
440 1241 466 1259 e.
482 1229 568 1258 domi
583 1235 668 1259 tenet

98 1276 149 1317 (V.
165 1277 274 1306 Burm.
284 1276 316 1307 h.
331 1276 374 1317 l.)
388 1276 575 1316 agricolam:
589 1275 668 1304 mul-

97 1329 127 1352 ta
144 1323 262 1352 interea
284 1333 393 1363 parare
414 1329 445 1352 et
462 1323 564 1352 facere
582 1321 666 1359 h'cet,

97 1378 168 1408 quae
198 1379 275 1398 mox
303 1379 413 1398 sereno
443 1369 523 1398 coelo
555 1378 668 1407 parum

98 1415 284 1454 tempestive
312 1414 451 1444 curanda
468 1419 578 1443 essent.
597 1415 667 1442 Hoc

97 1465 189 1500 poeta
205 1461 348 1489 ornatius
372 1460 487 1489 extulit
507 1465 580 1500 post
603 1460 667 1488 He-

95 1505 232 1543 siodnm,
248 1515 343 1545 quem
358 1516 513 1546 compara,
526 1504 590 1544 493
598 1515 665 1544 sqq.

97 1554 249 1582 Praeterea
279 1558 412 1582 monent
440 1552 645 1581 Grammatici
656 1573 666 1588 ,

97 1599 224 1628 Servius
248 1597 286 1627 ad
311 1597 342 1628 h.
361 1598 382 1628 l.
402 1598 523 1627 Gellius
540 1599 584 1636 X,
603 1607 662 1636 115

97 1642 241 1674 Macroh.
258 1645 303 1673 VI
315 1667 324 1681 ‚
342 1645 360 1673 8
387 1642 425 1673 de
447 1643 574 1673 Dilectu
592 1653 662 1672 ver-

97 1689 214 1720 borum
229 1688 370 1720 adhibito
389 1701 405 1720 a
419 1696 511 1730 poeta
528 1700 536 1720 :
555 1691 661 1720 Matu-

98 1736 165 1766 rari
186 1745 237 1773 ea,
257 1746 329 1775 quae
356 1736 570 1766 accelerentur
591 1736 660 1777 qui-

98 1780 180 1820 dem,
190 1781 245 1811 sed
256 1781 425 1823 diligentiae
435 1782 578 1811 tarditate
588 1792 662 1811 cum

98 1827 261 1858 industriae
280 1828 437 1858 alacritate
453 1839 487 1858 ac
507 1829 663 1859 eeleritate

99 1875 278 1912 conjuncta.
296 1874 427 1913 Eadem,
444 1885 518 1904 cum
535 1874 659 1912 subito,

98 1920 212 1960 raptim
227 1926 258 1950 et
271 1928 476 1962 properanter
488 1920 582 1959 fiunt,
587 1931 664 1960 pro·

94 1965 207 2006 perari
226 1965 394 2004 dicuntur,
411 1977 470 1996 nec
488 1967 578 1996 facile
594 1966 665 1995 (1111·

99 2018 209 2053 genter
224 2018 255 2041 et
269 2019 413 2042 accurate
431 2009 500 2042 fieri
521 2018 664 2053 possunt.

100 2060 182 2098 Quae
199 2058 295 2087 auita
313 2067 346 2087 se
362 2057 509 2095 habeant,
521 2057 668 2098 equidem

101 2113 169 2133 non
188 2102 310 2134 dixero.
336 2105 444 2134 Potuit
470 2105 554 2134 enim
574 2109 668 2144 poeta

100 2149 198 2179 verba
229 2149 414 2191 simpliciter
451 2160 571 2190 ponere
608 2160 667 2189 pro

99 2195 222 2236 vulgari
234 2205 241 2226 τ
252 2195 350 2226 multa
364 2206 452 2227 nunc
466 2196 566 2226 facere
582 2195 667 2233 licet,

262 2262 291 2296 1.

723 684 793 713 quae
827 684 903 703 mox
937 680 1039 702 essent
1063 671 1213 703 facienda.
1246 676 1287 704 Ut

724 727 833 749 contra
861 727 1020 749 maturare
1071 729 1169 759 agam
1206 718 1287 749 dixit

723 769 792 796 AEn.
812 767 836 801 I,
858 767 932 803 137,
949 775 1008 805 pro
1023 765 1286 805 praecipitare.De

723 822 755 841 re
767 823 794 841 v.
809 812 886 841 Cato
897 822 923 841 c.
942 810 1003 850 2‚§
1018 812 1034 840 3
1048 821 1055 846 3
1072 813 1173 840 Varro
1185 812 1216 848 1,
1231 813 1283 842 36.

721 876 765 879 —
778 858 853 887 261.
870 860 1043 886 Procurare
1055 856 1122 886 ead.
1139 856 1188 886 ed.
1203 859 1283 888 Veu.

720 921 765 926 -
789 903 971 933 Proscindz't
996 904 1111 933 Moret.
1145 913 1205 932 sec.
1240 922 1285 927 —

722 951 798 981 262.
817 950 958 979 Vomeris
973 949 1100 979 dentem
1129 955 1182 978 aut
1209 960 1283 989 pro-

718 998 797 1036 prie,
815 996 900 1036 quod
915 1007 984 1036 sup.
1012 1006 1072 1033 172
1089 1002 1154 1025 erat
1172 995 1284 1025 denta-

719 1043 748 1072 le
759 1066 766 1080 ‚
783 1050 837 1072 aut
854 1042 969 1072 dixisse
997 1041 1122 1071 videtur
1153 1043 1284 1072 omnino

720 1100 779 1130 pro
794 1099 931 1119 vomere.
947 1089 1080 1118 Lz'ntres.
1098 1089 1129 1119 Si
1143 1087 1284 1128 scaphas,

721 1143 751 1165 et
764 1136 930 1165 fluviatiles
945 1135 1104 1164 naviculas
1119 1134 1284 1175 intelligas,

720 1183 819 1222 possis
828 1193 937 1223 agrum
951 1183 1173 1218 Mantuanum,
1182 1182 1284 1210 omni-

721 1238 826 1268 noque
846 1230 934 1257 istam
964 1228 1060 1257 Italiae
1086 1237 1172 1256 oram
1202 1226 1286 1256 Pado

722 1275 851 1314 aliisque
871 1273 1058 1303 fluminibus
1067 1273 1225 1313 perfusam
1236 1283 1287 1302 co-

721 1322 836 1361 gitare3
856 1320 939 1350 conf.
956 1320 1100 1349 Serrium
1118 1318 1150 1348 h.
1168 1318 1190 1348 l.
1206 1319 1286 1348 Con-

721 1367 902 1396 venientius
930 1373 1032 1395 tamen
1060 1366 1132 1394 vitae
1162 1365 1286 1394 rusticae

721 1423 785 1441 esse
798 1412 935 1448 videtur,
951 1417 987 1440 ut
1002 1420 1073 1439 rasa
1092 1410 1193 1450 lignea
1213 1421 1287 1441 con-

721 1468 796 1487 cava
811 1465 841 1488 et
859 1458 962 1487 alveos
976 1457 1190 1496 interpreteris
1201 1478 1209 1492 ‚
1229 1459 1285 1497 qui

718 1505 802 1534 inter
832 1504 948 1533 rustica
970 1503 1178 1532 instrumenta
1199 1510 1284 1533 sunt.

718 1551 769 1580 Sic
790 1549 912 1587 alveos,
928 1551 962 1579 iu
981 1548 1098 1589 quibus
1118 1558 1189 1577 uvae
1209 1559 1284 1588 por-

717 1601 825 1625 tantur
844 1597 879 1626 111
894 1595 1061 1631 vindemia,
1078 1593 1189 1623 lintres
1206 1593 1282 1624 dicit

716 1641 835 1673 Tibull.
852 1643 878 1678 1,
895 1642 924 1680 5,
942 1640 1138 1672 23.-—-263.
1154 1642 1289 1680 Autpe-

715 1687 782 1717 cori
795 1687 919 1729 signum
931 1699 941 1717 .·
952 1688 996 1717 sic
1009 1688 1056 1716 ΙΙΙ
1067 1709 1076 1723 ,
1096 1697 1108 1715 1
1117 1687 1156 1715 58
1176 1686 1284 1716 Conti-

716 1744 840 1774 nuoque
862 1741 955 1763 notas
976 1741 1007 1763 ec
1024 1732 1158 1762 nomina
1177 1732 1285 1772 gentis

716 1779 856 1810 inurunt.
868 1782 985 1811 Porro:
1001 1789 1146 1809 numeros
1159 1778 1284 1817 impres-

716 1825 758 1856 sit
765 1826 894 1856 acervis.
906 1827 973 1856 Aut
983 1835 1055 1854 cum
1066 1825 1184 1860 Servio,
1195 1830 1287 1853 tesse-
1303 1829 1310 1857 ’Ϊ

716 1883 758 1902 rae
768 1878 798 1902 et
806 1872 928 1904 tabellae
935 1869 1155 1911 intelligendae‚
1167 1871 1285 1900 acervis

715 1919 886 1959 impositae,
913 1917 1030 1958 quibus
1052 1916 1203 1945 frumenti
1223 1926 1286 1946 nu-

717 1975 822 1994 merus
832 1963 1026 2005 designatur3
1037 1967 1092 1991 aut
1101 1961 1286 1992 acervisunt

717 2010 875 2040 frumenta
888 2010 969 2039 saxis
982 2019 1038 2038 seu
1047 2008 1127 2037 vasis
1142 2007 1285 2046 condita,

718 2056 836 2096 quibus
851 2057 931 2086 vasis
948 2054 1099 2085 inscribat
1111 2055 1284 2095 paterfami-

718 2101 776 2132 lias
788 2124 798 2140 ‚
827 2109 908 2143 quot
935 2101 1057 2132 modios
1090 2101 1283 2131 contineant.

721 2147 898 2188 Impressit,
915 2146 1047 2191 ἀορίςως
1067 2146 1208 2184 dictum3
1223 2145 1284 2177 ἐνέ-
1310 2143 1313 2157 '¹

720 2191 838 2238 Ὑραψεν
850 2217 860 2234 ,
874 2195 1038 2236 imprimit.
1055 2210 1100 2216 --
1113 2195 1284 2233 Impressas
1306 2191 1309 2197 '

1082 2258 1125 2293 16
