1408 2428
357 271 699 344 ’ECLOGA
755 289 984 342 NONA.

573 447 819 489 MOERIS.

474 758 863 795 ARGUMENTU
878 759 928 792 M.

149 889 199 917 An
215 887 326 917 urbem
347 888 512 916 Mantuam
526 884 668 914 haedulos
686 884 864 925 deportanti
887 885 999 921 Moeri,
1020 884 1126 913 villico
1139 907 1146 921 ‚
1164 886 1219 925 qui
1238 886 1293 914 ho-

1197 937 1207 960 Ὗ
1246 938 1296 967 ad-

102 942 200 970 mines
224 947 254 970 et
273 941 332 980 ipsi
353 940 434 968 servi
457 945 546 968 erant
567 938 617 979 (v,
637 938 706 967 Ecl.
728 940 758 975 Ι,
784 938 846 974 283
864 938 929 967 Cic.
950 939 1041 967 Verr.
1058 939 1104 965 ΙΙΙ
1117 961 1125 974 ,
1145 939 1224 977 50),

94 995 199 1035 jungit
215 1005 246 1023 se
262 995 295 1023 iu
308 994 420 1022 itinere
434 991 584 1033 Lycidas,
602 998 690 1021 aetate
706 991 840 1021 florente
853 998 960 1032 pastor
971 1015 978 1028 ,
997 999 1027 1020 et
1041 993 1217 1020 carminum
1233 1000 1297 1021 stu-

99 1049 152 1079 dio
168 1048 317 1090 flagrans3
343 1059 360 1076 a
383 1058 447 1087 quo
472 1048 531 1076 viae
548 1057 687 1076 caussam
712 1053 838 1087 rogatus
861 1047 988 1082 Moeris,
1007 1046 1193 1075 calamitates
1211 1057 1296 1081 suas,

97 1103 299 1143 dominique,
316 1101 468 1131 Menalcae
480 1124 487 1138 ‚
510 1101 640 1139 injurias
663 1111 697 1129 ac
718 1100 859 1141 pericula
877 1101 959 1129 inter
975 1099 1116 1129 eundum
1129 1123 1136 1136 ,
1160 1100 1192 1128 id
1212 1100 1297 1139 quod

98 1157 293 1195 aliquantum
316 1154 524 1193 jucundjtatis
546 1153 659 1190 habet,
687 1160 933 1190 commemorat3
965 1163 1103 1193 cumque
1128 1163 1232 1182 sermo
1260 1153 1297 1182 ad

99 1209 251 1240 Menalcae
271 1210 409 1239 carmina
431 1208 587 1238 deductus
611 1213 706 1245 esset,
730 1207 842 1237 recitat
865 1214 998 1247 uterque
1020 1206 1176 1236 nonnulla
1198 1217 1237 1234 ex
1261 1207 1298 1234 iis

97 1261 268 1303 fragmenta
283 1273 318 1292 ac
338 1262 445 1299 locos,
468 1263 524 1302 quj
547 1262 612 1291 fere
634 1272 674 1291 ex
697 1261 869 1291 Theocrito
890 1261 1035 1289 conversi
1057 1267 1153 1295 sunt,
1171 1260 1218 1288 uti
1234 1266 1297 1288 tota

98 1317 243 1345 carminis
257 1316 357 1346 forma
373 1326 414 1345 ex.
433 1315 530 1354 hujus
551 1315 669 1356 Idyllio
691 1315 825 1354 septimo
846 1313 941 1342 ducta
962 1319 1018 1342 est.
1037 1313 1155 1341 Totum
1171 1321 1297 1340 carmen

98 1367 136 1396 ad
160 1376 280 1398 certum
304 1376 405 1409 poetae
430 1368 599 1398 consihum
624 1368 854 1407 compositum,
887 1367 1036 1406 ejusque,
1061 1364 1121 1393 sub
1144 1364 1297 1393 Menalcae

98 1423 242 1458 nomine,
253 1422 413 1452 fortunam
427 1432 462 1451 ac
478 1429 659 1462 temporum
673 1421 880 1450 calamitatem
892 1422 928 1450 in
942 1430 978 1449 eo
993 1417 1210 1448 adumbratam
1220 1429 1296 1455 esse,

97 1475 296 1505 manifestum
310 1475 357 1506 fit.
371 1478 391 1506 J
394 1487 443 1506 am
458 1476 585 1506 Servius
599 1486 696 1516 porro
710 1475 779 1505 haec
795 1482 901 1504 narrat
917 1484 924 1504 :
942 1473 1093 1515 VirgI'Iius
1101 1496 1110 1509 ‚
1127 1481 1296 1513 postquam

92 1541 189 1570 poene
212 1531 329 1560 occisus
348 1538 394 1560 est
409 1530 449 1559 ab
471 1531 550 1560 Ario
566 1530 767 1566 centurione,
788 1529 874 1570 cujus
891 1528 923 1557 in
943 1539 975 1557 se
996 1526 1134 1556 strictum
1147 1526 1296 1567 gladium

97 1591 132 1613 ut
152 1595 169 1613 e
175 1583 308 1625 filgeret
314 1607 324 1620 ,
345 1584 378 1614 in
400 1584 556 1614 Mincium
561 1584 604 1627 fl
623 1595 655 1613 se
664 1583 925 1624 praecipitaverat
940 1581 1032 1619 (vid.
1048 1581 1143 1611 eund.
1161 1582 1208 1610 ad
1222 1583 1295 1616 III,

96 1644 139 1677 94
149 1637 172 1678 )‚
197 1640 333 1668 Romam
351 1646 508 1668 revertens
526 1638 693 1668 mandavit
706 1637 963 1678 procuratoribus
979 1636 1060 1671 suis,
1087 1643 1121 1664 uc
1136 1643 1297 1665 tuerentur

96 1703 190 1734 agros
208 1703 297 1730 suos,
314 1700 345 1722 et
361 1693 408 1722 ad
425 1703 570 1732 praesens
589 1692 834 1732 obsequerentur
847 1690 937 1721 Ario.
955 1690 1053 1719 stlodo
1075 1700 1149 1730 ergo
1168 1689 1295 1721 Moeris,

90 1754 280 1785 procurator
292 1746 373 1787 ejus,
395 1746 567 1776 secundum
577 1753 774 1787 praeceptum
783 1743 935 1785 patroni,
951 1750 1063 1783 portat
1076 1741 1184 1770 hcedos
1200 1742 1296 1769 Man-

96 1808 202 1836 tuam,
226 1811 305 1840 quos
327 1801 406 1830 Ario
430 1799 556 1842 offirat.
577 1803 658 1842 Quae
681 1811 730 1830 res
752 1810 853 1840 quum
872 1809 929 1838 per
943 1808 975 1826 se
999 1806 1065 1825 non
1080 1794 1298 1834 improbabilis

96 1855 151 1890 sit;
168 1854 293 1884 effrenis
309 1855 393 1884 enim
410 1854 511 1884 libido
535 1862 567 1884 et
587 1854 758 1884 insolentia
779 1853 918 1882 militum
937 1851 971 1878 in
991 1849 1129 1878 colonias
1145 1848 1297 1879 deducto-

96 1918 168 1937 rum
183 1919 252 1949 erga
268 1918 462 1948 possessores
477 1919 626 1949 agrorum
637 1931 646 1946 ,
664 1918 745 1948 quos
763 1907 825 1946 ipsi
843 1904 1030 1934 affectabant
1040 1926 1048 1940 ‚
1069 1902 1164 1932 fuisse
1180 1914 1298 1934 memo-

97 1967 203 1998 ratur3
222 1961 287 1990 vid.
303 1963 441 2001 Appian.
462 1961 530 1991 Civ.
546 1960 602 1990 lib.
618 1962 659 1995 V,
682 1969 733 1995 12,
755 1959 793 1987 13
811 1956 879 1997 (ed.
898 1956 1004 1996 Steph·
1023 1967 1054 1996 p.
1076 1954 1196 1996 1082);
1214 1957 1297 1997 apud

97 2015 233 2044 eundem
250 2021 354 2044 tamen
372 2025 448 2045 mox
468 2015 526 2043 alia
543 2014 681 2043 narratio
702 2012 740 2041 de
758 2011 870 2042 Clodio
893 2011 1059 2047 attexitur,
1077 2020 1139 2050 qua
1154 2017 1186 2040 et
1203 2021 1297 2051 supe-

97 2070 188 2099 rioris
201 2068 279 2099 fides
294 2067 489 2109 infringitur.
506 2069 583 2097 Haec
596 2068 665 2108 ipsa
679 2077 695 2095 a
709 2064 940 2095 recentioribus
956 2064 1181 2104 interpretibus
1194 2065 1296 2095 multo

97 2124 189 2152 etiam
204 2123 299 2164 magis
313 2129 463 2152 exornata
478 2121 593 2151 videas.
608 2121 732 2161 Inspice
747 2119 843 2150 modo
858 2119 1016 2149 Catroeum
1035 2128 1069 2147 ac
1085 2120 1231 2148 Ruaeum.
1248 2120 1294 2148 Ex

53 2173 63 2181 ’
96 2176 164 2216 ipso
185 2177 322 2206 carmine
337 2175 406 2206 haec
429 2175 538 2205 saltem
555 2173 786 2206 confirmantur
804 2183 811 2204 ;
827 2173 982 2213 scriptum
997 2171 1030 2201 id
1051 2182 1116 2202 esse
1137 2182 1174 2202 eo
1191 2183 1274 2202 anuo
1289 2195 1297 2208 ,
