1408 2428
602 82 668 113 CL.
695 83 823 113 HEYN.
1277 96 1318 114 xv

105 152 383 213 reperiatur,
405 151 489 212 qui
508 165 532 194 e
550 149 683 196 libris
705 152 891 213 scriptis
910 150 1060 197 multa
1077 152 1316 216 praeclara,

103 243 209 290 quae
227 227 442 273 nondum
462 244 519 273 ex
544 228 645 274 aliis
672 228 807 274 libris
838 239 1003 275 notata
1028 231 1144 286 sint,
1179 230 1314 294 polli-

103 307 198 350 ceri
224 308 360 351 ausit.
388 305 537 351 Aliter
556 322 603 351 se
631 323 730 351 rem
752 306 929 352 habere
958 310 1069 353 novi
1096 309 1145 352 in
1173 310 1316 373 scrip-

101 382 287 427 toribus
299 418 310 439 ,
328 400 537 447 quorum
557 384 843 447 exemplaria
861 400 1012 448 pauca
1030 394 1111 429 aut
1131 396 1313 432 exstant

101 471 183 505 aut
208 463 419 525 inspecta
444 473 567 508 sunt.
590 466 650 508 At
676 478 843 508 eorum
863 464 1177 526 scriptorum,
1198 481 1312 526 quo-

101 554 207 582 rum
242 538 428 584 codices
461 549 507 584 et
540 549 674 584 {etate
711 549 758 584 et
789 538 1005 584 bonitate
1038 551 1311 602 praestantes

99 630 272 678 magno
290 632 490 661 numero
508 617 606 677 jam
624 618 825 680 inspecti
845 626 975 671 sunt,
991 618 1027 661 si
1048 616 1162 663 alios
1183 618 1309 664 codi-

101 709 176 738 ces
194 693 410 756 vulgares
428 695 776 757 comparaveris
795 729 806 749 ,
832 695 988 738 omnis
1013 691 1196 740 fructus
1218 696 1311 759 ple-

100 788 304 835 rumque
330 772 389 817 ad
417 773 651 817 sollennes
677 784 758 818 aut
784 790 932 819 novos
959 790 1141 819 errores
1169 774 1309 820 libra·

99 850 300 903 riorum,
321 859 368 893 et
386 851 635 895 varietates
654 850 753 911 jam
779 849 972 896 aliunde
992 861 1127 896 notas
1157 851 1279 898 redit
1298 871 1308 903 ;

96 930 162 972 ita
186 927 307 973 male
336 927 597 974 collocatur
615 930 781 974 otium.
809 933 1001 992 Itaque,
1029 932 1065 975 si
1092 933 1199 993 quis
1227 932 1308 976 let·-

95 1010 232 1052 tc'om's
249 1011 528 1052 varietatem
550 1024 606 1052 ex
626 1009 820 1071 optimis
845 1007 979 1053 libris
1004 1007 1063 1053 ad
1089 1020 1306 1054 nostrum

96 1102 248 1149 usque
270 1097 459 1150 tempus
477 1085 693 1149 undique
714 1097 988 1150 congestam
1010 1088 1277 1133 consideret
1295 1126 1305 1139 ,

95 1162 156 1208 ad
175 1163 547 1208 emendatiorem
566 1173 613 1207 et
630 1164 922 1208 ornatiorem
942 1166 981 1207 V
986 1163 1190 1225 irgiliani
1212 1181 1305 1209 car-

94 1243 236 1287 minis
274 1242 526 1287 lectionem
567 1256 763 1304 operam
800 1243 1114 1285 recentiorem
1159 1242 1304 1286 multo

93 1322 246 1363 minus
266 1319 565 1375 fructuosam
594 1315 737 1361 fuisse
765 1315 997 1378 intelligat
1015 1352 1026 1371 ‚
1056 1333 1201 1379 quam
1231 1335 1303 1362 511-

95 1396 339 1457 periorum
358 1403 633 1457 temporum
654 1392 733 1436 dili
741 1392 968 1454 gentiam3
992 1408 1018 1436 a
1038 1394 1304 1438 novissimis

93 1481 253 1516 autem
289 1474 474 1517 Criticis
507 1475 595 1515 vix
628 1474 876 1534 quicquam
901 1475 1143 1516 varietatis
1170 1487 1194 1515 e
1230 1488 1303 1517 00-

93 1548 279 1597 dicibus
297 1568 395 1597 esse
413 1561 658 1596 enotatum
671 1586 682 1607 ‚
710 1550 843 1613 quod
860 1567 956 1595 non
975 1567 1031 1595 ex
1049 1550 1151 1596 aliis
1168 1550 1302 1596 libris

88 1634 187 1695 jam
214 1643 453 1687 notatum,
487 1642 533 1677 et
564 1631 775 1695 plurium
800 1630 1037 1676 librorum
1069 1647 1301 1678 consensu

92 1722 213 1758 esset
239 1712 604 1767 confirmatum3
646 1710 898 1774 pleraque..
939 1709 1072 1772 quod
1108 1712 1197 1773 ipsi
1224 1713 1300 1755 tri-

91 1789 182 1835 bus
223 1789 468 1836 codicibus
513 1788 846 1853 comparandis
886 1790 1066 1852 experti
1107 1805 1270 1833 sumus
1288 1825 1298 1839 ,

90 1870 160 1914 acl
191 1869 505 1915 aberrationes
547 1868 842 1914 librariorum
869 1867 1054 1922 redire;
1089 1876 1136 1911 at
1164 1868 1214 1911 in
1242 1868 1300 1910 iis

91 1948 230 2004 locis,
265 1965 371 2011 quae
401 1948 574 1994 vulnus
604 1947 809 2003 habent,
851 1944 984 2009 quod
1017 1946 1299 1990 sententiam

92 2031 320 2075 orationis
349 2028 598 2085 obscuret,
634 2026 936 2074 restituendis
965 2042 1019 2071 ac
1049 2024 1269 2071 sanandis
1288 2062 1299 2078 ,

91 2108 151 2154 ab
168 2107 242 2153 his
260 2108 504 2154 codicibus
515 2126 611 2154 non
622 2110 771 2172 magis
787 2109 1050 2171 quicquam
1066 2105 1297 2158 utilitatis,

43 2180 50 2190 ’
91 2203 236 2250 quam
265 2204 291 2234 a
322 2190 489 2235 ceteris
514 2190 683 2235 arcessi
715 2203 867 2253 posse.
897 2190 1065 2251 Itaque
1086 2201 1142 2231 ex
1168 2186 1297 2230 1111111Β
