1408 2428
604 85 724 115 LIBER
749 84 774 114 Ῑ.

1222 84 1283 113 199

94 146 260 194 Eurique
275 142 514 195 Zephyrique
535 150 639 178 tonat
657 142 789 178 domus
807 168 817 186 ,
839 138 964 175 omnia
980 135 1099 186 plenis

91 208 195 242 Rura
211 214 339 241 natant
356 203 481 248 fossis,
499 211 611 252 atque
629 201 748 237 omnis
769 199 900 235 navita
918 206 1034 248 ponto

92 263 256 302 Humida
274 263 357 300 vela
377 261 476 311 legit.
494 263 698 309 Nunquam
714 256 1007 307 inprudentibus
1024 253 1148 290 imber

94 323 230 361 obfuit
246 336 253 357 :
276 331 339 358 aut
356 321 460 358 illum
476 327 693 369 surgentem
713 317 874 353 vallibus
891 315 976 351 imis

93 383 215 422 Acriae
236 383 364 432 fugere
384 395 514 431 grues3
533 388 597 417 aut
615 379 753 415 bucula
771 376 905 413 coelum
1245 378 1286 409 575

93 443 306 494 Suspiciens
328 442 466 493 patulis
483 440 648 491 captavit
665 438 820 475 naribus
841 447 970 480 auras;

91 586 393 619 enarrantur.Primu
399 597 429 615 m
437 592 480 615 est
487 586 656 615 fulminum

91 646 131 666 ex
154 633 304 665 omnibus
322 633 393 662 coeli
416 632 559 672 partibus
579 641 655 659 con-

92 680 372 715 cursus.01uuin0‚
384 680 484 719 pergit
497 679 533 715 37
544 679 572 713 3,
583 677 654 717 plu-

90 729 150 757 viae
158 733 298 756 venturae
305 725 481 755 observatio
489 725 522 753 in
531 733 656 763 promp-

92 781 128 803 tu
146 779 210 809 est3
228 778 290 801 tam
311 771 473 800 manifesta
487 770 552 807 ejus
566 770 653 809 signa

92 826 185 855 sunt,
202 828 272 858 quae
289 817 363 846 iude
382 817 526 854 subjicit,
547 822 582 843 ut
600 825 654 843 ne-

96 867 210 896 minem
227 863 334 899 facile,
352 873 418 891 nou
441 868 512 890 ante
532 861 657 900 provisa

94 919 126 941 et
143 909 380 940 adnimadversa
391 931 400 945 ‚
418 907 526 948 pluvia
550 906 657 946 oppri-

94 967 179 988 mere
197 956 305 996 possit.

145 1003 336 1041 370—372.
356 999 493 1039 Quando
511 998 550 1027 ab
573 998 659 1028 omui

96 1050 169 1080 coeli
176 1055 261 1089 parte
269 1046 486 1082 tonat,i1nbres
495 1046 658 1085 ingruunt.

98 1096 253 1127 Conversi
279 1104 320 1123 ex
348 1093 447 1121 Arato
474 1091 519 1121 ib.
548 1101 660 1119 201-

98 1143 177 1179 205,
192 1142 248 1181 qui
276 1139 408 1169 ultimus
429 1147 536 1166 versus
566 1132 658 1166 ὕδατ’.

97 1186 160 1233 γὰρ
195 1186 282 1216 haud
315 1184 411 1213 dubie
444 1183 662 1223 supposititius

99 1241 156 1265 oet.
173 1233 265 1264 Conf.
281 1231 361 1262 Plin.
376 1231 500 1265 XVIII,
519 1229 571 1265 35,
585 1240 609 1258 s.
620 1229 636 1256 8
648 1238 658 1257 1

101 1288 133 1312 et
149 1280 187 1310 de
203 1279 330 1318 reliquis
345 1288 369 1307 s.
381 1277 434 1314 87.
451 1277 570 1305 Domus
586 1273 666 1304 Euri

101 1328 240 1357 suaviter
257 1324 340 1354 dixit
352 1323 391 1352 de
406 1329 492 1362 parte
511 1321 593 1357 coeli,
604 1331 663 1349 un-

104 1373 143 1403 de
160 1373 268 1413 spirat.
301 1372 387 1400 Rura
409 1374 543 1402 natant,
570 1367 665 1395 iuun-

105 1420 220 1449 dantur
237 1433 283 1439 —-
301 1416 422 1456 [Ponto
445 1412 575 1442 humida
591 1413 666 1450 jun-

105 1464 206 1507 genda
221 1474 286 1493 esse
296 1459 460 1491 contendit
474 1458 596 1489 Wakef.
616 1457 665 1487 ad.

104 1514 231 1542 Lucret.
261 1510 295 1544 Ι,
330 1506 438 1543 1084;
457 1504 667 1545 improbante,

106 1568 165 1588 nec
180 1555 347 1589 immerito,
364 1550 482 1592 Heyn.]

155 1603 232 1640 373.
262 1597 472 1630 Pmdencibus
500 1595 616 1626 Medic.
650 1606 668 1625 a

106 1660 190 1680 man.
220 1657 267 1688 pr.
286 1646 412 1685 hocque
440 1642 567 1684 praefert
598 1644 667 1672 Jor».

107 1693 282 1730 Schrader„
297 1702 356 1721 nec
384 1690 529 1730 Heynius
551 1689 669 1728 impro-

107 1742 173 1772 bat.
183 1757 229 1764 -—-
237 1740 410 1778 Nunquam
424 1734 671 1775 imprudentibus

110 1787 210 1818 imber
230 1783 355 1826 Obside,
374 1783 483 1812 obesse
503 1787 607 1821 potest
622 1780 672 1809 vel

109 1834 199 1864 solet.
218 1834 336 1863 Ornate
353 1828 468 1859 extulit
480 1826 523 1864 id,
537 1826 624 1867 quod
638 1828 673 1855 in

110 1879 199 1910 tenui
227 1878 369 1908 oratione
402 1880 481 1904 esset
500 1882 507 1903 :
527 1872 672 1914 agricolis

111 1936 178 1956 non
187 1923 276 1954 facile
289 1922 390 1951 imber
404 1919 601 1960 supervenire
613 1928 671 1958 po-

111 1977 172 2002 test
186 1967 450 2011 imprudentibuS‚
468 1965 501 1995 h.
517 1975 585 1994 non
600 1970 672 1993 ante

110 2014 364 2059 providenfibus,
371 2012 553 2052 improviso,
564 2016 600 2039 ut
614 2020 672 2039 1100

112 2062 226 2094 moniti
234 2062 298 2090 sint
311 2059 460 2099 praesagio
474 2057 590 2096 aliquo.
601 2056 675 2086 Non

113 2108 250 2140 debebat
275 2106 329 2136 hic
357 2105 476 2135 haerere
506 2102 675 2132 doctorum

113 2157 256 2186 virorum
282 2161 425 2182 acumen.
452 2149 611 2180 Sententia
632 2155 678 2178 est

115 2201 224 2233 eadem
258 2199 316 2230 inf.
347 2197 412 2234 425
445 2197 617 2236 Nunquam
647 2201 678 2224 te

709 580 850 612 crastina
866 577 970 620 fallet
990 578 1098 612 Hora,
1116 584 1221 614 neque
1238 573 1282 603 ιἠ-

709 628 796 658 sIdc'z's
819 625 917 656 noctis
939 623 1064 663 capiere
1091 631 1285 651 serenae.—

712 676 787 712 354.
800 671 914 713 Adfitic
923 670 1001 699 male
1012 668 1156 709 quidam,
1174 678 1190 696 e
1210 676 1287 695 con-

706 722 780 758 ject.
803 736 850 742 —-
872 719 1003 747 Diversa
1028 721 1102 743 sunt
1125 712 1286 743 Hesiodea

709 760 785 809 Εργ.
796 764 953 801 448--45
964 773 990 798 1,
1000 768 1031 791 et
1046 760 1085 789 ad
1099 757 1187 789 aliud
1199 768 1287 798 spec-

710 820 792 848 tant;
814 820 924 840 verum
950 814 1020 837 ante
1047 806 1159 835 oculos
1182 811 1286 844 poetae

711 859 798 887 fuere
815 858 927 886 Aratea
943 864 1008 893 299
1019 876 1027 889 ‚
1045 853 1121 888 300,
1135 862 1150 880 e
1164 849 1287 891 quibus

713 911 744 934 et
768 904 900 933 Aristot.
918 902 958 929 H.
980 901 1019 929 A.
1040 900 1106 934 lx,
1132 908 1172 926 10
1193 895 1290 937 (add.

713 950 822 989 Antig.
833 949 955 986 Caryst.
975 945 1016 981 46
1032 951 1063 973 et
1078 943 1123 972 ibi
1140 941 1288 980 Beckm.)

712 1003 806 1036 patet,
823 993 922 1023 solere
942 1002 1044 1032 grues,
1059 989 1118 1019 ubi
1135 991 1170 1018 in
1187 988 1287 1017 altum

713 1041 927 1075 evolaverint,
955 1037 988 1066 in
1015 1046 1120 1065 aerem
1132 1058 1142 1071 ,
1175 1033 1288 1076 ἠέριαι,

714 1087 928 1120 animadversa
946 1089 1128 1123 tempestate
1142 1104 1150 1118 ,
1184 1081 1292 1110 statim

715 1145 746 1164 se
768 1133 931 1162 demittere
947 1137 977 1159 et
999 1128 1134 1158 imbrem
1160 1137 1288 1166 sugere.

715 1183 796 1216 Jam,
807 1177 894 1219 quod
902 1176 1040 1211 additur,
1051 1173 1194 1203 vallibus
1209 1171 1290 1207 imis,

717 1226 840 1267 duplici
855 1222 951 1252 morlo
964 1222 1057 1260 jungi
1074 1226 1106 1249 et
1116 1219 1222 1259 accipi
1237 1229 1293 1258 po-

717 1279 795 1309 test,
815 1277 886 1306 aut,
906 1275 942 1298 ut
963 1277 1056 1308 grues
1083 1266 1220 1295 imbrem
1240 1264 1292 1293 fn-

718 1320 804 1360 giant
830 1314 970 1346 vallibus
996 1312 1084 1348 imis,
1099 1312 1294 1351 recipientes

718 1376 750 1394 se
768 1366 803 1393 in
828 1362 956 1396 valle1n;
971 1360 1013 1388 ita
1035 1358 1188 1387 convenit
1204 1357 1295 1386 Aris-

719 1410 829 1440 toteles
846 1417 854 1437 :
871 1403 924 1436 zzi
938 1429 945 1442 ‚
966 1402 1016 1434 ἐὰν
1033 1400 1123 1433 ἴδωσι
1143 1401 1219 1443 νέφη
1235 1399 1291 1431 καὶ

720 1454 862 1498 χειμέρια.
873 1476 881 1490 ,
893 1450 1099 1482 καταπτᾶσαι
1120 1446 1294 1488 ἡσυχάζω-

719 1513 759 1540 σι,
767 1507 842 1542 puta
853 1498 1000 1529 arborum
1011 1495 1180 1526 frondibus
1190 1501 1279 1524 tectae
1293 1506 1300 1532 ς

720 1555 774 1578 aut
784 1553 819 1576 ut
826 1547 999 1585 jungantur
1015 1542 1145 1571 imbrem
1163 1551 1295 1581 surgen-

721 1602 783 1624 tem
793 1591 932 1622 vallibus
950 1588 1020 1619 1'mz's
1030 1599 1041 1618 .·
1055 1588 1135 1618 solet
1144 1588 1229 1617 enim
1242 1587 1301 1615 ini-

721 1640 789 1677 ber,
797 1639 829 1668 h.
841 1649 868 1668 e.
877 1636 1002 1666 nebulae
1011 1645 1138 1675 surgere
1151 1632 1297 1663 vallibus

722 1687 757 1716 in
770 1695 871 1715 aerem
888 1684 1050 1712 rariorem.
1066 1680 1126 1710 Sed
1142 1679 1209 1709 hoc
1222 1678 1298 1707 alie-

724 1742 802 1762 num
820 1731 859 1760 ab
886 1729 918 1759 h.
941 1728 962 1759 1.
982 1728 1072 1758 Prius
1099 1732 1146 1756 est
1176 1734 1298 1754 verum.

725 1780 841 1808 Aratus
857 1786 865 1806 ε
889 1769 1044 1818 ςροφαίδες
1073 1767 1107 1802 δὲ
1136 1774 1300 1812 παλιμπε-

725 1822 773 1860 τὲς
792 1820 995 1857 ἀπονέονται,
1014 1819 1072 1849 ubi
1097 1817 1206 1848 Schol.
1226 1815 1299 1846 ὐπο-

726 1882 763 1913 ςρ
769 1869 894 1911 ἐφουσοιι
905 1865 944 1902 εἰς
954 1864 1021 1900 τοὺς
1029 1862 1153 1900 τόπους,
1168 1861 1233 1892 ὅθεν
1244 1861 1302 1892 ἐκι-

723 1914 864 1950 νήθησαν.
880 1930 927 1937 -—
944 1913 1020 1951 375.
1041 1912 1173 1940 Sensere
1202 1907 1301 1939 Goth.

724 1962 875 1999 sem—37
883 1961 914 1990 6.
925 1961 974 1989 Ex
981 1959 1080 1988 Arato
1088 1954 1205 1986 ibid.v.
1218 1965 1259 1984 22
1267 1965 1298 1990 2,

728 2010 805 2046 223,
820 2007 876 2048 qui
891 2005 1036 2036 conversi
1049 2007 1124 2032 sunt
1138 2012 1154 2031 a
1173 2002 1243 2032 Cic.
1261 1999 1302 2029 de

727 2056 801 2085 Div.
818 2056 843 2090 Ι,
860 2064 891 2092 9.
911 2049 1056 2091 Capeavic
1071 2059 1083 2078 :
1103 2053 1228 2088 captare
1252 2057 1302 2076 so-

727 2101 782 2137 let,
797 2105 910 2140 captat,
930 2107 1036 2133 auras,
1050 2095 1083 2125 h.
1103 2094 1204 2130 ducit,
1222 2092 1302 2123 olfa-

731 2141 1004 2188 011,ὡσφρ1’1σαντο.
1016 2142 1098 2172 ΡΙίι1.
1113 2141 1239 2178 XVIII,
1263 2138 1304 2166 88

731 2201 764 2224 et
785 2193 874 2223 boves
893 2190 1007 2221 coehun
1034 2186 1225 2230 olfactantes
1262 2194 1306 2214 se-
