1377 2428
550 83 672 113 LIBER
697 84 754 113 111.

1181 85 1245 118 3413

57 138 224 186 Corpora
243 150 376 187 magna
394 137 530 185 boum3
553 140 799 189 confertoque
819 140 965 189 agmine
986 141 1088 178 cervi

57 199 224 245 Torpent
243 198 340 234 mole
354 211 470 244 nova,
491 208 527 235 et
546 200 700 236 summis
717 201 780 236 vix
800 200 978 237 cornibus
996 209 1151 239 exstant.

1195 209 1241 241 370

56 259 134 293 Hos
152 268 227 292 non
246 258 405 295 inmissis
424 259 599 306 canibus,
620 273 696 296 non
717 261 882 298 cassibus
902 261 1006 308 ullis,

55 318 272 355 Puniceaeve
289 319 428 368 agitant
443 320 600 369 pavidos
618 321 816 358 formidine
834 322 978 371 pinnae3

56 377 130 414 Sed
149 378 287 415 frustra
306 379 522 428 oppositum
542 381 734 418 trudentes
750 391 904 431 pectore
919 390 1084 418 montem

55 437 230 474 Cominus
248 438 473 476 obtruncant
489 440 608 485 ferro,
628 441 868 490 graviterque
891 442 1069 478 rudentes

54 497 226 542 Caedunt,
244 508 279 534 et
296 511 429 548 magno
448 500 522 535 laeti
539 500 701 537 clamore
719 511 925 550 reportant.
1192 510 1236 541 373·

52 557 129 606 Ipsi
147 558 185 593 in
203 557 357 595 defossis
373 559 560 609 specubus
581 574 714 597 secura
733 561 803 597 sub
820 563 894 598 alta

52 617 139 653 Otia
157 627 270 666 agunt
291 626 408 664 terra,
429 629 678 670 congestaque
700 620 857 667 robora,
879 631 1049 671 totasque

50 677 264 713 Advolvere
280 678 371 714 focis
388 679 526 724 ulmos,
547 680 700 729 ignique
716 681 865 717 dedere.

51 735 123 771 Hic
137 744 285 772 noctem
304 736 393 773 ludo
412 738 571 784 ducunt,
592 749 628 776 et
645 741 780 789 pocula
801 741 876 777 laeti

51 797 248 833 Fermento
265 804 376 845 atque
396 797 510 835 acidis
526 799 720 837 imitantur
739 801 839 837 vitea
859 801 990 838 sorbis.

50 901 129 929 Nam
145 900 208 930 360
227 901 433 931 Concrescunt
448 903 556 932 subiere
569 922 615 926 —-

49 953 161 975 crnstae
187 957 197 975 .·
222 957 295 988 ergo
316 958 382 977 non
408 960 530 989 semper
555 950 613 979 du-

48 999 128 1022 rant.
148 994 256 1033 Itaque
269 1001 343 1023 sunt
358 1005 484 1034 quoque
499 1002 616 1036 tempo-

48 1048 92 1075 ra,
109 1038 224 1078 quibus
234 1049 340 1079 greges
353 1047 440 1070 extra
455 1041 614 1072 stabulum

46 1084 81 1112 in
94 1094 166 1124 agro
184 1084 283 1114 habiti
297 1087 456 1125 repentino
470 1088 541 1128 gelu
557 1099 614 1128 op-

46 1131 144 1169 pressi
162 1130 315 1161 laborant.
338 1134 446 1172 Neque
464 1135 500 1163 in
517 1134 614 1163 cervis

46 1175 252 1213 haerendum3
281 1180 404 1217 posuit,
433 1186 469 1208 ut
500 1187 611 1219 poeta,

45 1231 104 1260 pro
117 1222 190 1250 feris
204 1223 466 1264 quibuscumque.
477 1243 524 1247 —
536 1227 611 1265 369.

49 1266 197 1296 conserto
210 1268 328 1299 zulich.
341 1277 371 1298 et
384 1273 458 1311 fleg.
470 1273 611 1302 Martini.

50 1312 196 1354 Confecto
215 1321 286 1353 post
306 1318 485 1346 Romanuin
500 1320 611 1349 Franc.

46 1359 128 1388 Ven.
156 1366 186 1388 et
205 1360 301 1390 Goth.
329 1372 378 1400 pr.
406 1362 461 1391 sed
487 1364 611 1404 vulgata

45 1415 94 1444 ap.
106 1406 206 1435 Lutat.
218 1405 257 1434 ad
266 1408 340 1436 Stat.
352 1407 451 1438 Theb.
462 1411 519 1445 VI,
532 1410 608 1441 601.

45 1468 91 1474 —
105 1452 180 1488 370.
195 1452 282 1480 Male
293 1463 373 1481 nova
383 1476 391 1490 ‚
416 1455 564 1484 insolenti
577 1467 609 1487 n.

44 1497 136 1526 nivis.
153 1514 199 1519 —-
216 1498 292 1535 372.
322 1500 534 1530 Formidz‘nem
557 1502 610 1531 hie

43 1542 223 1572 funiculum
240 1544 331 1574 illum
348 1553 532 1576 venatorum
544 1548 612 1587 plu-

42 1590 101 1618 mis
112 1590 270 1619 intextum
283 1601 358 1627 esse,
373 1602 436 1631 quo
451 1595 535 1622 cervi
549 1601 609 1623 ter-

42 1635 95 1664 riti
120 1636 156 1664 in
176 1637 253 1665 retia
282 1644 436 1678 aguntur,
477 1639 609 1670 obvium

42 1687 97 1710 est.
114 1683 185 1712 AEn.
201 1683 284 1720 XII,
314 1684 378 1720 750
389 1706 396 1720 ‚
413 1694 534 1714 cervum
542 1697 604 1725 pu-

41 1725 140 1756 m'ceoe
158 1734 278 1767 septum
290 1728 471 1770 formidine
477 1742 604 1770 pemzce.

40 1772 138 1812 Apud
162 1775 311 1804 Senecam
333 1782 378 1804 est
403 1778 532 1817 Hippoi.
564 1779 604 1813 46

34 1818 125 1856 picta
145 1819 269 1850 rubenti
287 1821 373 1850 linea
388 1833 499 1862 penna
517 1835 605 1854 vano

40 1863 151 1893 cludat
167 1871 283 1896 terrore
295 1867 399 1907 seras,
420 1870 510 1898 Dixit
526 1881 605 1909 quo-

39 1920 100 1949 que
117 1912 254 1941 suaviter
272 1914 354 1941 nivis
377 1914 469 1944 altam
489 1916 605 1946 molem

39 1962 178 1985 montem
204 1957 379 1997 oppositum
389 1981 398 1996 ,
428 1971 523 1999 quem
549 1973 603 1991 ur-

37 2009 111 2042 gent
122 2003 259 2042 pecudes
272 2012 400 2045 pectore
411 2028 419 2042 ,
445 2013 481 2035 ut
502 2018 541 2036 ex
559 2009 604 2037 ni-

38 2058 76 2077 ve
94 2057 254 2090 emergant
269 2058 323 2080 aut
340 2058 377 2080 ut
388 2052 544 2083 incedant.
556 2072 603 2078 —

37 2095 239 2136 Pnniceaque
251 2107 334 2126 unus
347 2098 452 2128 Mead.
478 2099 606 2140 agitant

29 2141 170 2179 pecudes
187 2144 314 2183 Regius.
331 2143 445 2183 pinnae
460 2155 476 2173 e
497 2146 602 2177 melio-

36 2186 124 2217 ribus
138 2189 247 2218 Heins.
258 2199 376 2229 penna:
388 2190 540 2232 vulgares.

1191 811 1236 836 380

717 906 791 943 376.
814 906 886 934 Vita
911 907 1105 946 populorum
1130 907 1238 938 borea*

666 951 746 980 lium
762 951 944 981 adumbrata
967 963 1006 982 ex
1029 954 1086 990 iis,
1109 965 1178 994 quae
1199 955 1237 983 de

668 997 843 1027 Thracibus
872 1005 902 1027 et
937 1001 1082 1028 Sarmatis
1118 1002 1236 1031 narrari

666 1043 818 1079 solebant,
835 1045 947 1083 partim
961 1055 1089 1085 quoque
1103 1045 1141 1075 de
1156 1047 1233 1076 Ger-

666 1091 774 1119 manis.
798 1089 946 1131 Defossos
966 1102 1074 1130 specus
1094 1102 1152 1131 pro
1174 1092 1236 1122 fos-

666 1135 706 1163 sis
727 1136 809 1164 dixit
826 1146 834 1166 ε
853 1143 887 1165 ut
907 1137 941 1165 in
963 1137 1032 1167 Cul.
1054 1139 1117 1175 273
1135 1138 1235 1179 defos-

666 1191 718 1209 sas
731 1181 840 1211 domos
855 1193 914 1222 pro
932 1182 1153 1213 subterraneis.
1171 1186 1233 1213 De-

655 1226 773 1267 fodere
802 1235 847 1257 est
870 1229 997 1267 proprie
1021 1229 1082 1258 alte
1104 1229 1231 1267 fodere,

665 1283 741 1302 mox
751 1281 781 1303 et
793 1274 941 1303 fodiendo
955 1274 1072 1314 aliquid
1085 1275 1230 1306 condere.

663 1336 710 1341 —
728 1321 804 1357 378.
820 1320 1051 1356 Aclvolverzmt,
1073 1332 1132 1362 pro
1144 1344 1153 1357 ,
1176 1322 1231 1351 ad-

663 1365 798 1394 volvunt
809 1388 816 1402 ,
832 1363 990 1408 ἀερῖστως.
1002 1384 1048 1389 —-
1062 1369 1137 1407 379.
1149 1369 1232 1397 [Voc-

664 1418 726 1439 tem
747 1412 880 1451 appellat
904 1420 1013 1442 noctes
1034 1413 1142 1454 longas
1165 1414 1231 1443 hie-

663 1458 731 1487 mis.
755 1458 793 1487 cf.
815 1469 876 1488 vss.
904 1459 965 1496 357
983 1460 1078 1496 ‚358.
1092 1477 1138 1482 --
1153 1460 1228 1489 380.

663 1503 821 1532 Firmento
854 1504 972 1535 Medic.
1004 1504 1231 1546 fi·omentoque

663 1549 872 1586 Francianus3
896 1551 1045 1580 notabilis
1058 1552 1161 1588 lectio,
1180 1559 1230 1582 ut-

662 1602 736 1636 pote
749 1595 787 1625 de
801 1597 947 1625 cerevisia
957 1607 972 1626 e
986 1597 1147 1627 frumento
1162 1608 1232 1627 coo-

663 1648 703 1671 ta.
718 1644 814 1672 Tacit.
834 1643 941 1672 Germ.
959 1644 998 1672 23
1011 1643 1105 1673 Potui
1118 1643 1229 1673 humor

659 1698 701 1716 ea*
711 1687 825 1718 hordeo
836 1688 1070 1729 mttfiwnenco,
1084 1690 1116 1719 in
1130 1700 1228 1730 quan-

659 1732 734 1763 dam
754 1734 991 1763 similitudinem
1012 1735 1088 1764 ‘vim'
1101 1746 1226 1775 corrup-

660 1786 717 1809 tus.
740 1780 778 1810 cf.
797 1782 943 1820 Geopou.
968 1783 1050 1817 VII,
1078 1782 1130 1817 34.
1154 1784 1227 1811 Fer-

660 1833 826 1866 mentoque
858 1826 943 1856 Gud.
965 1844 1012 1849 -—
1031 1828 1153 1857 Pocula
1177 1828 1226 1857 vi-

658 1878 710 1900 tea
720 1895 729 1908 ,
746 1874 858 1902 vinum
869 1895 877 1909 ,
895 1872 1061 1901 imitancur
1063 1872 1226 1914 fermento

658 1916 734 1960 ζύμῃ
746 1941 754 1954 ,
776 1918 896 1948 hordeo
912 1929 968 1947 seu
987 1919 1145 1950 frumento
1164 1920 1226 1949 fer-

657 1971 796 1994 mentato
807 1987 815 2001 ,
829 1965 861 1994 h.
872 1966 1018 1994 cerevisia
1029 1988 1037 2000 ,
1054 1973 1150 2005 atque
1162 1977 1224 1995 sor-

655 2009 712 2039 bis.
743 2012 813 2040 Hoc
836 2010 965 2050 quidem
996 2012 1107 2040 vinum
1134 2012 1224 2041 nullo

656 2058 806 2086 Romanis
816 2067 876 2085 usu
887 2057 1139 2097 frequentatum3
1151 2069 1226 2087 nam

657 2103 721 2139 ejus
749 2113 788 2131 ne
814 2103 1007 2132 mentionem
1029 2103 1158 2143 quidem
1181 2105 1224 2133 fa-

655 2149 745 2177 ciunt
766 2151 803 2178 R.
816 2151 854 2180 R.
865 2149 988 2188 antiqui
1011 2157 1151 2180 auctores
1162 2173 1171 2187 ,
1194 2158 1226 2180 et

655 2193 769 2224 Pallad.
786 2196 835 2231 11,
866 2196 924 2232 15,
954 2201 972 2230 4
993 2197 1073 2225 Item
1097 2207 1139 2226 ex
1157 2207 1223 2226 sor-
