1408 2428
592 59 760 90 ECLOGA
785 60 808 88 1.
1280 68 1300 95 9

95 118 301 157 Candidior
317 125 517 166 postquam
535 117 704 153 tondenti
720 116 840 152 barba
857 115 1032 162 cadebat;

91 179 270 227 Respexit
288 187 411 214 tamen
423 205 433 222 ,
451 186 487 213 et
500 177 612 226 longo
630 186 714 225 post
731 186 900 225 tempore
916 177 1037 222 venit,
1264 183 1295 207 30

93 243 294 288 Postquam
310 251 376 274 nos
391 237 591 285 Amaryllis
607 237 741 281 habet,
761 237 915 273 Galatea
933 236 1095 285 reliquit.

89 301 279 347 Namque,
297 297 443 333 fatebor
461 297 579 340 enim,
599 296 689 332 dnm
707 309 765 331 me
782 297 937 332 Galatea
954 295 1126 339 tenebat,

90 360 124 394 N
127 371 168 393 ec
184 370 267 407 spes
284 357 466 394 libertatis
484 365 582 402 erat,
600 370 667 392 nec
684 369 775 392 cura
792 356 925 405 peculi.

90 474 248 503 vindicare
265 481 420 514 poterant.
438 475 517 503 Nota
535 486 597 507 res,
622 476 660 504 de

89 530 150 559 qua
164 530 256 549 nemo
272 520 360 549 facile
379 518 512 549 dubitet.
534 520 659 549 Submi-

88 567 231 595 nistravit
249 573 351 595 tamen
374 567 422 593 vir
440 565 564 595 doctiss.
586 577 659 595 auc-

87 613 244 640 toritatem
258 612 354 651 Lipsii
365 611 402 639 ad
413 612 484 641 Tac.
501 612 588 647 XIV,
605 618 657 647 42.

87 658 235 687 Burman.
250 658 287 686 ad
306 660 428 686 Petron.
449 658 506 694 75,
524 663 554 684 et
564 658 658 687 Ovid.

88 704 159 732 Am.
181 705 211 739 I,
236 704 272 740 8,
296 704 350 732 63.
371 702 409 731 cf.
430 702 556 742 Apulei,
580 704 656 732 Met.

86 749 180 784 VIII,
197 750 250 783 43.
262 750 333 778 Jam
343 748 452 777 iisdem
462 748 656 784 hominibus,

86 803 173 822 nunc
190 794 309 823 libertis
323 795 402 829 suis,
424 793 518 821 herus
534 800 656 831 poterat

85 850 191 880 greges
222 850 295 868 suos
330 839 540 874 committere,
572 845 656 867 certa

86 884 228 914 mercede
259 884 340 913 dicta
356 895 364 920 ;
401 883 484 913 unde
519 891 657 923 pastores

85 931 292 960 mercenarios
312 937 499 959 memoratos
514 930 655 969 legimus.

84 977 230 1017 Tityrus,
254 977 309 1016 qui
326 987 382 1016 per
404 976 520 1005 multos
539 986 654 1013 annos,

83 1021 161 1051 dum
183 1022 317 1051 Galateae
342 1023 439 1051 amori
465 1021 654 1058 indulserat,

84 1068 200 1107 peculii
223 1079 334 1108 parum
355 1068 536 1108 diligentem
561 1069 654 1098 ratio-

83 1123 157 1143 nem
170 1114 338 1150 habuerat,
356 1115 418 1152 jam
432 1125 527 1143 senex
543 1114 653 1150 factus,

81 1169 157 1188 cum
168 1160 393 1200 Amaryllidem
402 1183 409 1195 ‚
422 1171 492 1199 quae
505 1160 654 1200 frugalior

81 1211 113 1234 et
126 1206 249 1244 parcior
266 1213 346 1243 erat,
365 1207 495 1235 amicam
508 1206 651 1243 haberet,

81 1257 118 1280 ut
147 1251 322 1280 libertatem
350 1251 411 1280 sibi
439 1259 633 1291 compararet
644 1275 651 1288 ,

79 1298 214 1327 Romam
229 1297 267 1326 ad
286 1297 398 1327 herum
419 1308 512 1326 suum
530 1299 653 1337 profec-

80 1348 130 1370 tus
144 1350 198 1372 est.
213 1345 283 1373 Jam
299 1343 338 1372 de
355 1344 498 1372 libertate
512 1344 650 1383 quidem,

76 1397 174 1426 quam
189 1388 384 1425 obtinuerat,
397 1390 461 1426 jam
478 1400 507 1418 v.
526 1390 579 1423 28,
597 1400 650 1427 29,

79 1433 120 1461 30
143 1442 383 1470 memorave1·at;
406 1434 582 1463 facilitatem
603 1441 646 1462 ta-

74 1488 147 1507 men
162 1478 230 1509 heri
248 1486 278 1508 et
297 1479 524 1509 humanitatem
548 1481 647 1508 maxi-

73 1533 157 1552 mam
170 1532 336 1563 expertum
351 1535 414 1553 esse
428 1536 458 1553 se
475 1525 645 1565 significat,

73 1570 108 1598 in
125 1571 297 1609 primisque
310 1570 391 1599 illud
404 1570 577 1599 obtinuisse
593 1572 644 1603 ait,

72 1625 102 1644 v.
124 1616 183 1652 46,
209 1623 245 1644 ut
268 1622 337 1645 tuto
359 1626 393 1644 ae
421 1616 519 1644 libere
537 1627 644 1656 greges

70 1670 145 1690 suos
159 1671 283 1701 pascere
296 1669 410 1700 posset.
428 1672 500 1701 quae
512 1672 582 1690 sera
596 1670 644 1690 ta-

70 1716 144 1735 men
168 1718 192 1736 r.
220 1718 291 1746 qnae
304 1730 312 1743 ‚
340 1709 397 1736 etsi
423 1718 510 1743 sero,
540 1715 644 1737 tamen

69 1752 238 1792 aliquando
252 1753 329 1782 mihi
342 1753 489 1793 contigit,
505 1760 541 1782 ut
555 1765 584 1783 v.
603 1756 641 1783 30

69 1799 231 1837 repetitur.
244 1799 407 1838 Respicere
420 1798 458 1827 de
474 1799 639 1835 Libertate,

69 1850 105 1872 nt
117 1845 244 1883 proprie
258 1846 398 1873 Fortuna
413 1844 592 1883 respiciens.
610 1847 640 1875 A

67 1887 200 1918 deorum
223 1891 317 1929 siguis
346 1890 427 1919 hanc
452 1890 639 1930 designatio-

66 1944 140 1963 nem
149 1933 275 1964 ductam
287 1946 350 1965 esse
359 1958 367 1972 ,
380 1937 537 1967 existimat
546 1939 640 1976 Spen-

66 1981 134 2008 cius
158 1980 311 2020 Polymet.
340 1992 409 2021 pag.
437 1982 515 2017 155,
546 1983 638 2010 nimis

65 2032 182 2065 argute.
209 2026 317 2054 Pietas
340 2026 461 2055 labores
482 2027 639 2056 humanos

63 2071 189 2110 respicit
202 2073 270 2103 AEu.
286 2074 332 2107 V,
351 2071 531 2102 688.—-30.
552 2075 637 2101 Tan-

63 2116 135 2146 dem
152 2116 229 2146 Cod.
247 2117 353 2147 Koler.
366 2141 374 2154 ‚
392 2129 457 2147 non
477 2118 565 2148 male.
582 2118 636 2147 sed

19 2162 27 2172 ”
64 2169 147 2197 totus
164 2162 270 2194 versus
292 2170 354 2195 tam
378 2164 486 2195 scaber
512 2171 573 2202 est,
599 2171 636 2195 ut

714 475 768 503 vix
782 484 855 503 eum
871 482 886 500 a
902 480 992 511 poeta
1011 472 1205 512 profectum,
1238 474 1291 502 sed

714 530 729 548 e
754 521 892 560 margine
923 518 1046 547 illatum
1078 526 1197 558 putem.
1232 521 1292 548 Re-

713 565 817 605 speoeit
831 573 955 600 tamen,
968 572 999 593 ec
1012 565 1107 603 longo
1119 572 1193 604 post
1213 572 1290 594 cem-

708 621 786 649 pore
802 610 904 640 venie.
922 611 1049 650 Singula
1072 610 1109 638 ad
1128 611 1290 640 declaran-

713 656 790 685 dum
806 664 945 696 temPUS‚
963 666 1028 695 quo
1041 656 1218 685 libertatem
1232 656 1291 686 ob-

714 703 818 738 tinuit,
829 703 929 731 valere
941 701 1067 731 debent.
1081 704 1118 730 In
1129 709 1290 731 senectute

712 747 841 775 barbam
868 754 1036 783 memorat,
1064 749 1137 786 quia
1163 748 1290 777 Iiberta-

711 799 773 821 tem
799 799 1014 831 consequutus
1046 803 1112 820 eam
1145 793 1287 832 deponit.

712 838 851 877 Contigit
877 845 996 873 tamen,
1020 839 1166 877 inquam,
1195 839 1289 868 liber-

711 890 771 919 tas,
791 890 820 913 et
836 884 937 913 multo
954 891 1025 923 post
1043 885 1121 913 mihi
1138 884 1207 913 data
1225 892 1287 919 est,

705 937 894 969 postquam,
924 940 963 958 ex
990 940 1054 969 qno
1084 938 1241 970 tempore,
1271 941 1288 959 a

712 976 838 1004 Galatea
852 976 994 1011 relictus,
1016 977 1048 1004 in
1070 977 1286 1016 Amaryllidis,

711 1032 870 1051 conservae
883 1022 998 1062 (quam
1009 1032 1038 1050 v.
1053 1023 1069 1051 3
1086 1024 1223 1051 carmine
1238 1034 1285 1051 re-

711 1068 848 1104 colebat,
871 1075 902 1096 et
922 1078 993 1107 quae
1014 1078 1148 1098 moerore
1166 1080 1224 1098 suo
1245 1079 1284 1097 ex

709 1115 812 1154 Tityri
848 1113 986 1143 absentia
1018 1124 1154 1144 amorem
1188 1125 1281 1143 suum

708 1160 862 1199 prodebat
883 1172 942 1190 vss.
966 1161 1002 1197 37
1030 1160 1140 1200 sqq.),
1167 1168 1280 1189 contu-

709 1206 818 1235 bernio
828 1217 908 1236 sum.
921 1207 1030 1235 Amica
1043 1218 1080 1235 ne
1093 1207 1144 1235 illa
1155 1208 1281 1246 proprie

707 1252 804 1288 dicta,
822 1262 860 1280 an
877 1262 946 1291 qua?
960 1253 993 1281 in
1007 1253 1218 1281 contubernio
1233 1263 1279 1281 es-

707 1305 770 1332 set,
790 1301 932 1327 Romano
950 1309 1058 1334 sensu,
1079 1298 1279 1337 quandoqui-

707 1343 777 1371 dem
803 1353 966 1371 servorum
997 1354 1063 1372 uon
1092 1344 1277 1382 conjugium

706 1396 784 1424 erat,
801 1388 854 1417 sed
871 1388 1132 1425 contubernium,
1148 1399 1213 1418 non
1229 1388 1275 1416 di-

706 1445 782 1463 cam.
806 1434 902 1474 longo
917 1442 991 1473 post
1007 1442 1160 1473 tempore,
1190 1441 1224 1463 ut
1243 1444 1272 1463 v.

702 1480 743 1508 68
756 1481 880 1508 iterum.
893 1481 941 1509 Sic
958 1487 1046 1509 camo
1054 1488 1130 1519 post
1142 1481 1198 1509 Ge.
1216 1481 1273 1516 ΙΙΙ,

703 1526 777 1562 476.
802 1525 975 1554 Fatendum
999 1533 1118 1563 tamen,
1139 1525 1274 1554 insidere

698 1571 746 1600 his
786 1573 891 1600 nescio
928 1571 1005 1610 quid
1039 1573 1200 1601 invenusti
1242 1578 1272 1601 et

696 1618 829 1646 incomti
860 1627 867 1646 ;
902 1628 1094 1657 quamquam
1141 1625 1171 1646 et
1215 1618 1272 1646 alia

696 1663 849 1692 nonnulla
877 1664 909 1692 in
931 1663 992 1692 hoe
1021 1665 1124 1703 primo
1157 1664 1269 1692 carmi—

698 1719 736 1738 ne
762 1709 868 1748 paullo
890 1710 1029 1746 jejunius
1059 1709 1142 1738 dicta
1171 1709 1269 1737 videri

697 1762 839 1793 possunt.
856 1755 961 1785 Multo
983 1766 1057 1784 vero
1080 1755 1175 1793 magis
1196 1754 1268 1783 infi-

695 1808 761 1829 ceta
784 1800 849 1829 haee
871 1808 962 1835 sunt,
989 1801 1013 1829 si
1033 1811 1106 1829 cnm
1128 1799 1194 1828 aliis
1213 1810 1270 1839 per

694 1847 821 1875 alteram
843 1847 989 1881 amicam,
1014 1847 1195 1882 Mantuam3
1213 1856 1272 1884 per

693 1892 836 1928 alteram,
860 1896 993 1922 Romam
1017 1891 1168 1920 declarari
1192 1902 1267 1931 pro-

693 1938 828 1968 nunties.
846 1956 891 1961 —
916 1939 967 1966 31.
997 1937 1080 1966 Male
1102 1938 1136 1966 in
1159 1937 1267 1966 inuitis

695 1982 854 2024 Galaclzea
872 1994 883 2011 .·
903 1994 976 2012 nam
996 1980 1164 2014 Γαλάτεια.

742 2029 794 2057 33.
820 2029 931 2058 Ρεοιιῖὶ
948 2040 1007 2068 pro
1023 2029 1145 2069 peculii
1154 2040 1165 2058 .·
1181 2028 1267 2068 quod

691 2083 706 2101 a
718 2084 814 2112 pecu,
831 2076 895 2104 sive
910 2086 1041 2114 peeore‚·
1062 2075 1146 2105 unde
1165 2081 1194 2104 et
1208 2085 1265 2113 pe—

689 2119 784 2148 cam'a
803 2121 894 2152 dicta.
920 2123 1048 2163 Proprie
1069 2122 1120 2152 hic
1138 2121 1266 2163 privata

683 2176 836 2207 pecuum.
