1408 2428
561 87 725 118 ECLOGA
749 89 804 118 IV.
1237 93 1277 122 55

85 146 225 195 Incipe,
246 157 363 194 parve
377 158 486 194 puer,
505 145 583 181 risu
604 158 830 196 cognoscere
852 157 1025 193 matrem3
1246 157 1277 179 ⁶0

83 206 198 242 Matri
215 206 326 255 longa
343 206 471 242 decem
490 205 656 243 tulerunt
678 208 826 243 fastidia
847 221 1001 245 menses.

86 266 227 315 Incipe,
246 278 361 314 parve
384 279 501 315 puer3
517 267 578 302 cui
599 279 675 302 non
692 267 808 304 risere
829 277 1016 317 parentes,

79 418 135 448 rel.
156 419 238 447 Vict.
256 417 294 447 de
305 419 392 458 Orig.
408 425 491 458 gent.
506 421 598 449 Rom.
619 420 649 455 53

79 474 218 504 moxque
247 465 288 504 59
316 463 400 493 dicet
423 466 569 494 nonnulli
600 476 648 505 ap.

78 511 186 540 Heius.

125 557 272 587 60—63.
297 558 422 598 Incipe,
444 569 480 597 p.
503 569 556 597 p.‚
586 557 649 586 risu

76 613 264 643 cognoscere
307 612 450 634 matrem.
495 604 649 634 Desiderii

77 650 268 689 impatientia
293 657 384 690 poeta
414 649 567 680 ἐνθευσιὼν
594 652 648 680 vix

75 706 195 725 moram
216 696 291 732 fert,
318 696 405 736 quod
426 696 517 726 fausti
541 697 649 726 saeculi

73 742 163 771 initia
186 741 331 771 nondum
359 754 507 772 exorsum
533 744 649 774 habere

74 788 170 825 videt,
193 799 266 817 cum
287 790 378 829 pueri
395 790 550 818 natalibus
568 800 645 833 gon-

72 835 191 872 juncta.
218 834 349 875 Vulgari
382 836 503 864 ratione
539 842 643 864 esset:

74 891 200 910 nascere
215 882 309 919 puer!
332 891 404 909 nam
424 880 565 910 decimus
582 882 645 918 jam

73 928 187 956 mensis
215 927 331 966 agitur,
357 927 541 967 justumque
568 927 645 957 adeo

73 974 163 1002 matri
190 978 281 1001 utero
304 972 417 1002 ferenti
441 980 565 1014 tempus
590 985 644 1003 ex-

71 1019 202 1058 pletum.
222 1019 337 1048 Omnia
355 1019 422 1048 brec
445 1021 584 1057 ornavit,
609 1027 647 1051 ut

71 1072 164 1105 poeta
181 1074 189 1095 ε
209 1075 284 1094 cum
303 1065 410 1095 decem
435 1077 555 1096 menses
579 1077 643 1096 me-

71 1110 338 1152 morat‚fizscidia
356 1112 457 1150 addit,
478 1124 551 1142 011111
566 1121 642 1143 tem-

69 1158 156 1197 poris
163 1157 257 1196 hujus
267 1158 402 1189 decursu
412 1161 483 1189 satis
491 1161 553 1199 jam
565 1171 643 1202 mag-

70 1213 110 1233 na
138 1205 242 1234 oneris
267 1207 317 1236 sui
338 1205 427 1235 taedia
445 1207 473 1236 ei
490 1208 562 1236 siut.
580 1208 642 1236 Ex-

67 1254 178 1293 primit
199 1263 296 1292 porro
324 1263 389 1281 reru
408 1263 422 1281 a
440 1254 529 1294 signo
551 1253 640 1283 valde

65 1299 229 1338 jucundo,
255 1309 272 1328 a
297 1299 458 1340 voluptate
480 1307 510 1329 et
533 1299 640 1329 laetitia

67 1347 189 1383 matris,
214 1357 288 1375 cum
313 1357 375 1386 qua
399 1357 506 1375 recens
532 1353 640 1375 natum

66 1392 218 1422 infantem
237 1393 396 1430 intuetur,
416 1399 451 1421 ut
473 1403 510 1421 eo
527 1393 592 1420 risu
609 1403 641 1421 se

66 1439 157 1479 quasi
191 1445 321 1468 matrem
363 1439 498 1478 probare
540 1438 641 1469 videri

66 1485 173 1524 possit.
190 1485 255 1514 Vix
271 1483 334 1513 djci
347 1492 465 1524 potest,
485 1491 641 1525 quantum

64 1531 96 1560 h.
108 1532 128 1561 l.
140 1531 297 1571 trepident
310 1533 514 1572 Iuterp1*eteS‚
530 1532 585 1571 qui
601 1532 639 1561 ab

65 1578 288 1618 antiquissimis
328 1577 402 1607 inde
444 1578 638 1617 temporibus

64 1623 197 1664 (verum
229 1630 334 1653 tamen
362 1624 469 1653 Julius
503 1624 638 1653 Sabinus

64 1669 166 1710 vidit)
186 1669 225 1699 ad
242 1671 341 1699 risum
358 1670 449 1710 pueri
473 1671 564 1699 matri
589 1681 636 1699 ar—

63 1716 194 1746 ridentis
216 1716 282 1745 haec
301 1717 488 1746 retulerunt.
514 1717 557 1745 At
574 1715 636 1745 hoc

63 1773 130 1793 non
148 1762 318 1793 admittunt
333 1773 417 1802 seqq.
441 1762 493 1792 cui
511 1773 575 1791 non
593 1762 634 1791 ri-

62 1819 128 1838 sere
137 1816 292 1849 parentes
308 1819 319 1837 .·
333 1809 453 1838 scilicet
468 1814 561 1849 poeta
579 1819 634 1838 vo-

61 1854 146 1883 lebat
161 1864 169 1884 :
191 1856 299 1895 Incipe
317 1855 351 1884 in
370 1854 434 1884 dias
453 1865 542 1884 auras
560 1866 634 1895 pro-

62 1900 145 1937 dire,
164 1908 195 1930 et
209 1901 320 1931 oculos
339 1902 374 1930 111
389 1908 518 1931 matrem
534 1903 633 1939 conji-

63 1958 149 1983 cere,
165 1957 296 1987 eamque
308 1949 397 1987 quasi
410 1958 448 1977 ex
458 1947 531 1985 hoc,
547 1947 635 1987 quod

62 1994 121 2023 tibi
144 2004 178 2023 ea
204 1992 334 2029 arridet,
360 2003 536 2034 agnoscere.
557 1996 634 2022 Poe-

63 2040 162 2069 ticum
174 2049 301 2069 sensum
315 2038 353 2068 ad
366 2039 438 2069 talia
461 2039 570 2069 afferre
584 2049 636 2068 ne-

63 2096 147 2116 cesse
163 2092 220 2116 est.
235 2103 280 2107 -
294 2085 348 2115 61.
364 2085 447 2115 Male
462 2092 636 2114 metuentes

64 2139 165 2162 metro
183 2131 328 2172 quidam,
349 2131 479 2161 tulerint
486 2143 498 2167 ‚·
510 2131 571 2160 3111
588 2139 635 2160 cu-

51 2177 178 2209 Ἰεναηῂ
214 2177 412 2207 Abstulerinc
442 2178 519 2219 legi,
551 2177 638 2208 addit

65 2226 249 2257 Servius.-·
259 2225 300 2255 62
307 2248 313 2255 .
327 2224 387 2256 Cui
401 2235 465 2254 non
475 2224 570 2254 risere
573 2235 637 2265 pa-

703 426 825 454 rentes,
849 420 927 449 Nec.
943 420 1101 459 Exprimit
1120 420 1168 456 id,
1189 420 1276 460 quod

700 467 765 503 jam
777 464 948 494 dicendum
973 473 1037 494 erat
1053 475 1060 495 :
1078 466 1176 494 risum
1188 465 1276 497 hunc

703 513 808 540 matris
834 511 871 540 ad
895 512 1038 551 puellum
1066 519 1175 541 natum
1198 513 1277 542 laeti-

703 560 776 587 tiam
790 559 896 587 matris
911 568 1055 599 arguere,
1074 568 1209 598 eumque
1223 570 1277 588 ex-

702 605 906 645 spectandum
925 615 988 633 esse
1007 606 1035 633 ci
1059 615 1159 645 puero
1180 612 1274 642 nato,

702 653 757 691 qui
771 652 862 680 matri
877 652 1068 691 gratissimus
1083 651 1139 687 sit,
1157 652 1276 692 qnippe

701 699 757 737 qui
792 697 959 737 aliquando
996 698 1078 725 iuter
1101 696 1212 726 heroes
1246 705 1276 727 et

701 744 774 773 deos
791 744 899 773 10011111
915 745 954 772 511
970 743 1153 772 habiturus:
1171 754 1185 771 a
1200 754 1275 773 con-

701 791 795 818 trario
810 799 819 825 ;
855 800 926 829 quse
959 790 1122 818 conversio
1160 791 1274 819 rationi

699 836 830 874 poeticce
863 834 953 864 valde
978 841 1187 863 consentanea
1218 842 1272 865 est.

699 883 803 920 Quem
834 880 985 910 infantem
1021 890 1128 909 recens
1164 888 1273 910 uatum

699 927 752 956 tali
769 938 842 956 cum
858 928 924 955 risu
943 937 1009 956 uon
1025 937 1177 966 excepere
1190 928 1274 956 ulnis

699 974 762 1002 suis
787 981 950 1014 parentes,
977 973 1116 1012 adeoque
1141 972 1179 1002 de
1198 981 1272 1003 nato

698 1030 799 1060 puero
818 1030 884 1049 non
901 1020 997 1048 laetati
1020 1025 1110 1056 suut,
1127 1026 1172 1048 est
1187 1021 1212 1048 is
1225 1021 1273 1049 iu-

697 1074 803 1107 gratus
814 1073 845 1096 et
857 1068 1044 1095 invenustus
1054 1065 1151 1095 homo
1159 1088 1167 1103 ‚
1183 1065 1273 1096 adeo-

698 1123 760 1152 que
778 1113 816 1142 ad
832 1113 964 1142 deorum
981 1113 1076 1141 vitam
1096 1118 1125 1142 et
1145 1123 1272 1142 consor-

698 1160 777 1189 tium
802 1160 922 1189 admitti
951 1169 1015 1188 non
1040 1164 1161 1198 potest,
1185 1159 1272 1198 quod

696 1217 796 1246 puero
810 1206 994 1247 promiserat
1017 1216 1027 1234 1
1037 1206 1065 1234 5.
1079 1205 1271 1235 Conveniret

695 1252 772 1282 adeo
791 1254 825 1282 in
844 1263 933 1288 eum,
957 1251 1044 1291 quod
1060 1251 1212 1280 Pindarus
1229 1253 1271 1280 ait

694 1299 786 1339 Pyzh.
800 1300 841 1335 11,
860 1300 901 1327 80
913 1296 1001 1341 γόνον
1017 1296 1079 1327 οὔτ’
1095 1296 1122 1326 ἐν
1139 1293 1269 1339 ἀνδράσι

694 1342 884 1387 γερασφόρον
914 1342 976 1373 οὔτ’
996 1342 1024 1372 ἐν
1050 1343 1124 1372 θεῶν
1147 1341 1267 1384 νόμοις,

694 1391 732 1419 de
748 1391 906 1421 Centauro
926 1390 1045 1418 Ixionis
1054 1389 1092 1425 f.;
1112 1396 1165 1417 aut
1180 1390 1270 1428 quod

695 1437 779 1477 apud
796 1439 970 1466 Homerum
990 1442 1050 1471 est,
1071 1435 1144 1464 θεῶν
1161 1433 1269 1468 ἀέκητι

694 1482 834 1527 γενέσθαι
852 1493 885 1512 τε
903 1480 1058 1525 τραφέμεν
1078 1491 1111 1510 τε
1124 1504 1132 1517 ,
1153 1480 1267 1521 Odyss.

693 1541 734 1574 γ,
763 1531 815 1559 28.
838 1529 1001 1569 Desiguari
1026 1534 1130 1556 autem
1149 1529 1267 1568 recepti

692 1578 775 1606 iuter
790 1576 864 1605 deos
877 1575 982 1604 herois
998 1575 1061 1602 vita
1077 1573 1202 1603 duabus
1219 1584 1266 1604 re-

692 1623 752 1652 bus
770 1623 867 1657 solet,
893 1622 1043 1650 convictu
1066 1630 1139 1649 eum
1165 1621 1265 1656 Jove,

690 1676 721 1698 et
736 1669 802 1698 deze
824 1668 956 1704 alicujus
975 1667 1135 1707 conjugio.
1160 1667 1210 1695 Sic
1228 1666 1267 1695 de

690 1715 827 1745 Hercule
855 1716 963 1744 Horat.
990 1712 1050 1743 Od.
1078 1714 1134 1749 IV,
1157 1712 1174 1740 8
1188 1734 1196 1748 ‚
1225 1713 1265 1741 30

689 1761 774 1791 Jovis
813 1760 943 1790 interest
978 1758 1093 1798 optatis
1136 1758 1235 1797 epulis
1254 1781 1262 1793 ,

688 1807 835 1848 idemque
850 1806 961 1837 Heben
979 1805 1127 1844 conjugio
1141 1805 1264 1844 accipit.

689 1854 728 1884 cf.
748 1856 835 1895 Virg.
856 1855 970 1893 Georg.
989 1853 1022 1887 I,
1042 1852 1095 1880 31.
1119 1852 1195 1879 Haec
1213 1851 1264 1879 in-

688 1901 869 1940 terpretatio
884 1900 932 1928 uti
950 1896 1180 1936 simplicissima
1191 1919 1200 1933 ‚
1220 1897 1262 1925 ita

688 1948 848 1975 verissima
861 1952 916 1974 est.
931 1943 982 1973 Ad
996 1942 1179 1972 Vulcanum
1188 1942 1262 1971 hac-

689 1999 780 2021 tenus
795 1992 907 2031 respici
925 1996 1044 2030 potest,
1064 1988 1162 2028 quod,
1188 1999 1263 2017 cum

688 2039 754 2076 ejus
764 2037 944 2067 deformiter
955 2037 1019 2065 nati
1034 2042 1161 2075 aspectu
1175 2037 1264 2065 Juuo

688 2094 801 2125 parum
828 2083 978 2112 delectata
1001 2082 1129 2118 fuisset,
1155 2083 1199 2111 ita
1227 2088 1263 2110 ut

689 2141 763 2160 eum
779 2130 818 2160 de
835 2130 916 2160 coelo
933 2128 1152 2170 praecipitaret,
1163 2130 1261 2168 Hym-

687 2178 722 2206 iu
737 2177 844 2217 Apoll.
866 2178 882 2206 3
892 2176 929 2205 16
945 2186 1012 2216 sqq.
1022 2197 1030 2211 ‚
1049 2174 1197 2204 exclusus
1210 2174 1264 2203 ille

689 2229 735 2253 est
758 2223 818 2265 (ad
837 2230 961 2264 tempus
984 2227 1084 2258 certe,
1108 2231 1180 2251 nam
1199 2220 1267 2250 ah'js
