1408 2428
557 62 731 95 ECLOGA
758 66 847 96 vm.

1245 76 1306 106 109

108 120 258 158 Perdita
269 148 278 166 ,
297 133 366 157 nec
383 133 474 158 serae
491 122 660 158 meminit
676 123 858 160 decedere
873 125 994 171 nocti,

105 182 208 218 Talis
225 193 332 218 amor
351 188 493 226 teneat,
510 194 580 217 nec
598 181 645 217 sit
661 182 755 218 mihi
772 197 861 220 cura
879 184 1033 220 mederi.

107 242 246 279 Ducite
262 241 310 278 ab
328 241 424 278 urbe
442 240 615 287 domum,
633 255 715 279 mea
732 243 915 290 carmina,
932 244 1058 281 ducite
1070 244 1259 295 Daphnin.
1277 263 1307 287 90

113 304 189 338 Has
212 302 301 338 olim
318 301 473 338 exuvias
491 300 584 337 mihi
603 302 767 350 perfidus
784 303 845 339 ille
861 304 1030 353 reliquit,

110 362 273 411 Pignora
292 374 378 398 cara
395 362 471 408 sui3
489 375 575 411 quae
593 376 692 398 nunc
710 375 779 412 ego
795 363 922 399 limine
941 363 980 399 in
995 364 1095 412 ipso,

110 425 229 459 Terra
241 451 250 468 ‚
271 422 342 459 tibi
357 422 515 469 mando,
533 422 672 459 debent
689 422 770 459 haec
786 423 944 473 pignora
960 424 1150 473 Daphnin.

106 482 245 519 Ducite
264 482 311 519 ab
332 482 426 519 urbe
448 482 621 528 domum,
638 496 719 519 mea
737 483 922 529 carmina,
940 483 1066 520 ducite
1082 484 1270 534 Daphnin.

107 544 185 579 Has
206 541 364 588 herbas,
383 551 495 591 atque
512 541 593 578 haec
610 545 729 579 Ponto
749 543 842 579 mihi
859 543 954 580 lecta
972 557 1133 590 venena,
1276 556 1306 586 9⁵

110 606 194 654 Ipse
214 604 318 641 dedit
333 604 464 640 Moeris
482 617 490 638 :
509 612 714 641 nascuntur
730 604 892 654 plurima
907 607 1037 641 Ponto.

105 664 172 700 His
191 676 261 713 ego
281 677 379 714 saepe
402 664 534 713 lupum
550 664 632 700 fieri
642 692 652 709 ,
675 672 711 700 et
727 677 767 701 se
784 663 946 700 condere
962 664 1064 701 silvis

108 724 250 759 Moerin
261 752 270 768 ‚
290 736 388 773 saepe
406 724 546 760 animas
563 723 646 760 imis
663 723 788 760 excire
804 723 1002 773 sepulcris,

109 787 235 833 Atque
253 792 350 820 satas
368 783 441 819 alio
456 783 535 819 vidi
554 783 751 819 traducere
767 784 906 819 messis.

104 844 241 880 Ducite
261 843 308 880 ab
324 842 421 879 urbe
439 841 591 877 domum
603 870 611 886 ,
623 854 706 878 mea
721 843 906 888 carmina,
918 842 1043 878 ducite
1059 842 1248 891 Daphnin.
1263 862 1308 876 100

106 904 178 938 Fer
195 903 338 938 cineres
350 930 359 947 ,
377 901 579 949 Amarylli,
598 901 716 947 foras,
733 902 893 951 rivoque
910 901 1040 938 fluenti

104 963 299 1012 Transque
319 971 434 1011 caput
449 962 552 1011 jace,
568 974 638 998 nec
654 962 864 1012 respexeris
883 977 891 998 :
915 962 972 998 his
991 973 1060 1011 ego
1077 962 1255 1011 Daphnin

105 1081 237 1110 Heinsii.
254 1097 300 1104 ω-
317 1082 372 1111 88.
391 1083 460 1112 Nec
472 1092 550 1111 serae
571 1099 616 1105 —
627 1083 680 1112 de—

101 1126 212 1156 cedere
227 1127 333 1166 nocti‚
353 1128 528 1170 elegantius
552 1128 589 1157 ad
604 1139 679 1168 poe-

104 1173 202 1202 ticam
223 1175 387 1212 rationem,
408 1185 503 1215 quam
518 1185 588 1203 sera
604 1185 679 1204 noc-

107 1226 153 1255 te3
173 1219 261 1259 quod
280 1221 346 1250 aliis
356 1221 462 1250 verbis
472 1220 553 1249 dixit
565 1222 680 1251 Statius

105 1264 206 1294 Theb.
219 1268 276 1304 VI,
294 1278 352 1307 191
376 1269 463 1297 Tunc
470 1267 562 1308 piget
572 1267 616 1296 ire
626 1267 679 1296 do-

106 1320 189 1341 mum
201 1335 209 1349 ,
232 1322 402 1354 moestoque
413 1313 585 1342 novissima
594 1324 678 1342 cam-

98 1367 143 1396 po
167 1358 267 1396 Exit,
295 1368 326 1390 et
349 1359 509 1400 oppositas
540 1358 677 1398 impasta

98 1403 248 1433 avertitur
270 1404 392 1435 herbas.
409 1408 513 1434 Locus
541 1406 676 1434 omnino

103 1449 338 1488 pulcherrimus
347 1462 355 1487 ς
364 1452 397 1479 in
407 1451 610 1490 qroarium
621 1461 675 1480 ex-

105 1497 219 1533 pressit
237 1504 356 1533 noster,
375 1497 509 1526 docente
530 1497 674 1527 Macrob.

100 1542 162 1571 Sat.
178 1543 270 1578 v1‚c.
291 1544 462 1572 2.Dixerat
477 1542 530 1572 ille
546 1542 584 1572 de
600 1553 675 1573 cane

102 1597 206 1617 cervae
228 1590 366 1630 vestigiis
392 1590 578 1619 insistente:
601 1590 677 1618 Non

106 1645 219 1663 amnes
239 1634 330 1664 illam
353 1635 466 1672 medii,
485 1645 549 1664 nott
575 1635 678 1664 ardua

106 1681 239 1710 tardant
259 1681 409 1718 Perdita,
434 1692 492 1711 nec
513 1691 592 1710 seroe
614 1692 678 1710 me-

108 1726 203 1756 minit
219 1727 370 1756 decedere
385 1727 481 1758 nocti.
492 1729 547 1756 Est
561 1728 678 1757 Home-

106 1773 212 1803 n'cutn
223 1771 400 1816 πειθώμεθα
416 1770 677 1814 νυκτὶῃΠΟάςεε.

104 1829 139 1860 μ,
153 1829 229 1859 291.
246 1821 313 1851 Nec
330 1820 421 1857 bene,
434 1827 525 1860 puto,
537 1819 679 1849 redditur

103 1864 141 1894 ad
157 1876 256 1896 seram
267 1873 452 1896 noctem.·-
466 1867 577 1896 Sera...
587 1874 679 1895 nocte

104 1918 235 1950 quartus
265 1912 381 1942 Moret.
407 1919 438 1941 et
468 1912 547 1941 alius
569 1913 676 1942 Heins.

104 1957 217 1986 Noctis
226 1957 337 1998 fragm.
347 1958 465 1987 Moreti
476 1968 483 1993 ;
493 1957 578 1986 unde
594 1958 677 1994 conj.

104 2004 216 2033 Burm.
233 2014 302 2033 sero
316 2003 427 2033 noctis.
439 2013 490 2026 *--
509 2002 678 2032 Discedere

104 2050 232 2090 Menag.
251 2056 281 2078 et
299 2049 448 2079 Rottend.
464 2059 524 2078 sec·

152 2105 206 2135 91.
235 2094 399 2126 simillima
418 2095 486 2124 haec
505 2094 599 2124 sacris
614 2104 679 2124 ma-

54 2171 63 2178 ,
106 2143 183 2182 gicis
201 2152 217 2171 a
235 2141 363 2172 Didone
376 2142 529 2170 institutis
544 2142 679 2177 AEn.1V‚

107 2188 175 2227 495
196 2199 241 2229 sq.
258 2205 304 2211 -—-
321 2188 375 2226 93.
392 2187 516 2216 Debent
530 2186 596 2215 hac
606 2187 679 2227 pig-

222 2246 251 2279 I.

734 1092 815 1111 nora
832 1080 997 1122 Daphnin.
1017 1083 1185 1121 Exspectat
1205 1080 1267 1111 hoc
1289 1092 1304 1110 a

714 1152 717 1154 .
734 1127 862 1157 defossis
881 1128 941 1158 sub
959 1129 1067 1158 limine
1091 1126 1231 1156 vestibus
1243 1150 1250 1164 ‚
1269 1135 1304 1156 ut

735 1174 773 1203 ad
789 1185 837 1203 eas
853 1173 995 1215 Daphnis
1007 1175 1058 1204 vel
1076 1174 1194 1202 invitus
1208 1180 1303 1202 retra-

733 1219 827 1249 hatur
846 1228 875 1250 et
891 1220 992 1250 redire
1006 1226 1145 1261 cogatur.
1162 1219 1304 1248 variavit

734 1267 952 1297 Theocriteam
966 1268 1120 1296 rationem
1131 1267 1156 1301 I,
1170 1265 1192 1294 l.
1202 1276 1234 1295 v.
1248 1266 1300 1301 53,

735 1313 788 1349 54,
808 1313 861 1352 59,
879 1314 932 1342 60.
954 1312 1090 1341 Liminis
1114 1317 1218 1339 autem
1239 1311 1300 1340 sol-

729 1358 832 1387 lennis
842 1359 960 1387 mentio
970 1359 1003 1387 in
1012 1358 1136 1398 poetica
1148 1356 1301 1393 oratione,

731 1414 802 1433 cum
821 1412 874 1434 aut
886 1404 1107 1439 admittuntur,
1117 1409 1169 1431 aut
1180 1402 1301 1431 admitti

730 1451 877 1490 cupiunt,
897 1456 950 1479 aut
964 1449 1181 1479 excluduntur
1196 1458 1299 1477 aman-

729 1503 785 1526 tes.

771 1542 832 1582 95.
859 1545 950 1572 Lecta
962 1544 996 1572 in
1011 1544 1124 1578 Ponto,
1141 1551 1228 1570 1111110
1241 1552 1300 1582 pro

732 1588 883 1618 Colchide
898 1612 906 1625 ‚
925 1599 1045 1618 venena
1076 1587 1299 1617 commendan-

732 1641 795 1671 tur,
805 1636 879 1674 quia
893 1635 1005 1664 Medea
1014 1635 1052 1664 iis
1067 1644 1123 1663 usa
1138 1641 1214 1663 erat.
1230 1635 1299 1664 Ma—

733 1682 799 1721 gica
814 1692 885 1721 quae
897 1688 1076 1721 sequuntur
1084 1680 1235 1709 miracula
1251 1681 1299 1708 ni·

732 1728 791 1756 mis
811 1735 885 1756 nota
908 1734 1003 1764 sunt,
1020 1737 1114 1766 quam
1129 1732 1165 1754 ut
1188 1725 1300 1765 aliquis

732 1774 813 1802 iniis
825 1772 951 1803 haereat.
972 1773 1011 1802 cf.
1021 1772 1131 1808 Corda,
1146 1778 1177 1800 et
1190 1770 1298 1802 landd.

733 1819 772 1849 ad
801 1831 831 1849 V.
862 1821 916 1859 69.
948 1836 994 1842 -—
1016 1819 1071 1859 98.
1100 1816 1300 1857 Animasque

734 1865 875 1896 Pari-has.
891 1865 1045 1893 —Exirc
1059 1863 1156 1892 Goth.
1171 1873 1232 1893 sec.
1249 1862 1298 1893 ed.

732 1911 863 1941 Mediol.
879 1922 890 1940 1
899 1917 975 1948 474,
987 1920 1059 1939 cum
1071 1909 1137 1938 aliis
1152 1909 1299 1949 antiquis,

733 1958 781 1986 uti
797 1967 944 1997 auguror.

784 2013 823 2031 10
832 2013 843 2031 1
852 2026 858 2032 .
885 2004 1014 2033 Novum
1036 2008 1067 2031 et
1095 2000 1301 2031 fortissimum

732 2056 846 2088 practer
861 2056 961 2078 cetera
970 2048 1190 2077 incantationis
1203 2058 1302 2088 genus

735 2095 860 2135 adgredi
876 2094 1011 2132 videtur,
1022 2100 1058 2123 ut
1071 2095 1191 2123 cineres
1200 2104 1240 2123 ex
1251 2103 1301 2122 ara

734 2141 768 2170 in
787 2151 898 2181 aquam
918 2140 1086 2177 fluentem,
1100 2146 1130 2169 et
1148 2150 1233 2180 pone
1251 2149 1300 2168 ca-

733 2193 793 2227 put
803 2188 915 2225 jaciat3
932 2184 1018 2227 quod
1033 2187 1148 2227 partim
1162 2196 1235 2215 cum
1249 2196 1303 2216 ex-

1112 2252 1156 2276 10
