1408 2428
578 83 745 113 ECLOGA
771 86 812 113 X.

1232 86 1290 113 123

99 145 198 179 Dum
220 151 347 178 tenera
368 141 573 177 adtondent
594 141 697 177 simae
718 141 882 190 virgulta
902 142 1063 190 capellae.

98 204 183 238 Non
203 201 371 237 canimus
391 199 514 238 surdis
532 214 540 235 :
562 199 790 249 respondent
811 200 937 237 onmia
956 201 1069 237 silvae.

150 264 244 306 Quae
261 271 434 305 nemora,
455 267 521 296 aut
537 260 602 309 qui
623 272 690 295 vos
710 260 822 297 saltus
843 259 1032 306 habuere,
1052 261 1186 310 puellae

95 319 253 365 Naides,
274 319 428 369 indigno
447 332 566 369 quum
585 320 715 357 Gallus
735 332 862 356 amore
883 321 1047 370 periret?
1262 339 1290 353 10

96 382 191 417 Nam
212 393 333 429 neque
353 380 524 417 Parnassi
544 379 652 416 vobis
669 381 777 430 juga,
798 393 885 416 nam
903 393 1025 429 neque
1046 381 1153 417 Pindi

97 440 182 476 Ulla
202 452 347 476 moram
367 439 511 485 fecere,
532 452 654 488 neque
675 440 797 476 Aonie
816 440 1025 488 Aganippe.

97 500 205 536 Illum
225 501 338 537 etiam
358 500 473 545 lauri,
494 500 607 536 etiam
627 499 764 537 flevere
784 499 956 548 myricae3

94 559 234 596 Pinifer
254 559 359 595 illum
379 560 491 595 etiam
511 558 590 595 sola
609 558 679 596 sub
699 570 796 609 rupe
812 559 999 609 jacentem

94 620 294 664 Maenalus,
316 628 351 656 et
371 618 483 668 gelidi
503 619 690 656 fleverunt
709 632 798 656 saxa
817 619 953 668 Lycaei.
1259 629 1285 651 15

94 682 201 717 Stant
223 690 258 716 et
279 691 367 715 oves
388 680 549 726 circum3
571 680 690 717 nostri
710 693 777 716 nec
798 679 954 729 poenitet
972 679 1070 726 illas;

94 830 141 848 res
153 842 160 855 ,
178 821 233 859 qui
249 821 388 848 animum
404 819 575 848 sollicitum
591 818 661 847 red-

95 865 185 902 dunt,
201 866 354 901 cruciant,
365 860 554 901 πολυκηὸἢς,
565 866 660 893 πολυ-

94 911 244 952 μέριμνις.
261 910 379 940 Theoc.
396 912 444 946 X,
463 920 505 939 20
530 910 553 939 ὡ
573 908 660 952 φρέν-

93 967 177 992 τιςες
196 952 291 998 Ερως.
314 973 360 978 —
386 957 414 986 S.
440 956 659 996 Respondent,

92 1009 249 1038 resonant,
266 1013 322 1042 per
339 1002 428 1032 echo.

142 1059 161 1088 9
181 1059 247 1089 sqq.
276 1049 355 1079 Solae
378 1048 494 1079 Naides
518 1059 584 1079 nou
608 1049 659 1078 ad-

93 1095 193 1138 fuistis
210 1094 302 1125 Gallo
316 1095 472 1124 moerenti.
489 1096 537 1125 Ex
554 1094 661 1125 Theo-

92 1142 161 1170 crit.
173 1140 266 1181 1dyll,
278 1142 302 1176 Ι,
317 1141 360 1170 66
368 1151 435 1181 sqq.
453 1158 500 1164 -—
512 1152 562 1171 10.
575 1141 661 1171 Peri-

93 1186 147 1215 θαι*
176 1188 210 1215 in
231 1186 349 1217 Medic.
373 1187 458 1217 Gud.
483 1194 514 1217 et
540 1189 656 1218 Potter.

91 1249 137 1254 ——
151 1232 291 1273 Indigno
309 1250 355 1255 —
368 1243 494 1270 amore,
509 1243 573 1273 quo
589 1233 656 1273 djg-

92 1288 151 1307 uus
165 1289 230 1309 non
245 1286 325 1316 erat3
337 1289 409 1308 cum
424 1279 657 1321 melioreslczm-

90 1335 160 1360 ma,
177 1331 213 1353 ut
226 1326 336 1355 Horat.
354 1325 416 1355 Od.
432 1326 457 1361 I,
475 1336 529 1362 27,
543 1325 658 1364 dig-nus

91 1377 170 1401 esset
186 1377 247 1399 tam
257 1371 427 1407 obnoxius,
438 1378 500 1399 tam
511 1377 657 1399 constans

90 1423 228 1451 amator,
245 1426 312 1445 non
331 1422 367 1444 ut
381 1426 399 1444 a
411 1415 534 1455 perlida
551 1422 581 1444 et
596 1415 658 1445 levi

89 1461 193 1500 puella
215 1467 425 1500 sperneretur.
450 1461 565 1491 Naides
588 1462 657 1490 fon-

91 1508 168 1537 tium
178 1513 209 1536 et
218 1507 358 1536 amnium
373 1506 438 1536 deae
452 1514 536 1543 sunt,
550 1506 656 1546 itaque

89 1555 256 1582 Parnassus
295 1560 326 1582 et
356 1552 474 1583 Pindus
510 1560 655 1593 respectu

88 1598 224 1627 fontium
240 1605 465 1635 memorantur,
480 1606 516 1628 ut
538 1600 573 1628 in
592 1600 654 1629 He-

86 1644 192 1674 licone
202 1644 374 1685 Aganippe
383 1651 439 1674 est.
455 1647 562 1675 Aonas
577 1645 653 1674 olim

87 1691 240 1720 Boeotiam
253 1691 421 1720 incoluisse
431 1690 525 1721 obvia
538 1701 586 1720 res
596 1699 651 1721 est.

87 1754 132 1758 ——-
154 1747 203 1766 12.
221 1736 328 1765 Aonie
341 1736 525 1777 Aganippe.
534 1738 653 1777 Magna

88 1782 140 1812 lu'c
171 1783 344 1812 lectionum
383 1783 516 1813 varietas
530 1788 534 1789 ⁷
547 1783 560 1823 [
575 1794 653 1823 quas

88 1829 213 1867 longius
233 1835 311 1858 esset
333 1835 364 1857 et
385 1838 513 1868 prorsus
539 1830 651 1859 inutile

88 1874 241 1914 referre]‚
263 1876 393 1904 omnino
412 1885 453 1904 ex
473 1875 596 1905 lubrica
614 1876 651 1905 li-

89 1920 219 1949 brorum
233 1921 265 1949 in
282 1920 384 1949 vocali
398 1921 534 1961 simplici
548 1928 579 1951 et
594 1921 651 1950 du-

88 1965 165 2006 plici
178 1964 243 1995 fide
255 1966 365 1995 :multi
380 1967 464 1995 enim
478 1966 595 1996 Aonioe
609 1969 653 1997 A·

85 2011 239 2052 ganippoe
248 2022 258 2040 .·
266 2012 318 2041 alii
328 2012 444 2042 Aom'oe
453 2012 653 2052 Agam'ppes,

88 2057 138 2087 vel
153 2057 238 2098 apud
252 2060 339 2088 Serv.
350 2057 459 2087 Aonia
469 2058 653 2098 Aganippe,

85 2114 157 2143 quae
178 2105 324 2144 proxima
348 2113 445 2140 verae3
461 2110 506 2133 est
529 2105 612 2133 enim
636 2115 653 2134 e

46 2163 55 2171 ·
88 2150 176 2180 fonte
199 2146 479 2191 graeco'deducta,
505 2156 536 2179 et
558 2151 652 2180 ratio-

87 2205 158 2226 nem
172 2195 268 2232 habet
281 2196 400 2230 ulu'xuae
415 2196 581 2237 productae
592 2188 649 2227 Ao-

715 816 761 849 νίη
796 810 977 860 Ᾱγανίππη.
1014 835 1060 839 -
1094 828 1105 846 1
1116 819 1144 847 3.
1176 819 1282 851 Lauri,

717 863 806 892 illum
829 864 927 893 etiam
950 870 1012 893 etc.
1029 863 1113 893 Male
1128 864 1287 894 intrusum

716 909 854 939 fulcrum
887 909 950 940 hoc
972 909 985 950 (
1009 909 1098 939 illum
1122 908 1134 949 )
1159 911 1287 940 sustulit

716 957 823 985 Heius.
846 956 965 986 Medic.
988 963 1019 985 et
1033 956 1226 996 optimorum
1249 956 1286 985 li-

716 1002 847 1032 brorum
863 1009 894 1032 et
909 1003 1108 1042 superiorum
1118 1001 1200 1032 Edd.
1212 1012 1286 1031 auc-

716 1049 851 1078 toritate.
886 1049 1012 1089 Repetit
1045 1054 1148 1078 tamen
1180 1047 1281 1084 illum,

715 1094 769 1124 sed
783 1094 908 1124 sublato
915 1094 1025 1131 eciam,
1033 1096 1168 1125 Roman.
1178 1095 1282 1125 Pierii.

714 1158 760 1163 ——
781 1147 883 1176 14--1
893 1141 922 1171 5.
939 1141 971 1171 si
985 1147 1108 1171 montes
1125 1140 1282 1178 Arcadiae,

713 1187 913 1216 Maenaluset
922 1188 1052 1225 Lycaeus
1066 1185 1112 1226 (τὸ
1123 1185 1283 1227 Λύκαιον),

711 1233 837 1263 Gallum
858 1232 1026 1269 desserunt,
1038 1242 1163 1262 necesse
1184 1240 1230 1262 est
1248 1235 1283 1262 in

711 1279 848 1309 Arcadia
870 1288 957 1308 nunc
978 1277 1058 1317 fingi
1074 1278 1201 1307 Gallum
1215 1279 1282 1308 sola

710 1324 770 1354 snb
807 1334 884 1364 rupe
921 1324 1078 1361 jacentem
1094 1334 1102 1359 ;
1134 1325 1281 1354 Arcadiae

712 1371 804 1399 etiam
813 1369 1050 1398 accommodata
1060 1376 1134 1398 sunt
1147 1370 1279 1410 reliqua.

711 1418 806 1446 Poeta
816 1422 919 1445 antem
929 1415 1090 1455 putandus
1100 1421 1147 1445 est
1159 1414 1280 1456 fingere

710 1471 742 1490 se
759 1460 852 1490 Gallo
868 1460 1005 1490 adfuisse
1017 1470 1024 1490 :
1035 1460 1122 1490 unde
1138 1471 1168 1491 v.
1187 1463 1228 1491 26
1246 1474 1278 1492 se

709 1507 814 1547 ipsum
831 1506 946 1536 vidisse
962 1508 1045 1538 Pana
1061 1507 1114 1536 ait.

760 1553 812 1582 16.
828 1552 939 1582 Nostri
959 1563 1017 1581 nec
1035 1553 1174 1592 poem'tet
1190 1554 1274 1584 illas.

708 1599 849 1629 Omnino
864 1597 946 1627 hanc
961 1599 1148 1628 sententiam
1163 1599 1277 1629 afferre

708 1644 842 1674 voluisse
849 1644 975 1674 videtur
985 1654 992 1674 :
1002 1646 1162 1686 etiamipsi
1169 1647 1277 1676 ovium

707 1700 831 1731 greges,
854 1700 1045 1730 pascuorum
1067 1692 1275 1729 immemores,

708 1742 796 1766 tuum
812 1736 954 1766 dolorem
962 1737 1104 1766 miserari
1113 1738 1171 1766 visi
1181 1745 1255 1767 sunt
1266 1750 1275 1774 ς

707 1782 768 1812 hoc
793 1793 834 1813 ex
856 1782 991 1813 Theocr.
1007 1782 1027 1812 l.
1050 1782 1070 1812 l.
1091 1793 1120 1812 v,
1139 1789 1192 1820 74,
1221 1785 1274 1820 75,

707 1827 794 1868 quod
810 1839 884 1858 cum
904 1828 990 1858 nude
1011 1838 1130 1867 ponere
1148 1836 1276 1868 poetam

706 1875 881 1910 dedeceret,
890 1874 1036 1912 adjunxit
1043 1873 1276 1914 alterum,quod

707 1920 919 1950 commendati
941 1929 979 1949 eo
1008 1920 1137 1950 nomine
1166 1931 1274 1962 greges

707 1976 771 1995 esse
782 1988 790 2001 ‚
806 1966 948 2005 adeoque
962 1975 1020 1995 nec
1033 1967 1168 2006 petitum
1182 1968 1222 1997 ab
1237 1969 1275 1997 iis

708 2012 854 2040 carminis
869 2017 1088 2051 argumentum
1105 2013 1197 2043 Gallo
1213 2013 1274 2043 dis-
1319 2023 1321 2025 ’

706 2057 824 2097 plicet-e
834 2057 947 2087 debeat
958 2066 965 2086 ε
975 2063 1012 2087 ut
1020 2068 1090 2098 sup.
1103 2058 1271 2100 Eclog.VI‚

709 2114 725 2132 2
744 2104 863 2132 Nostra
879 2114 937 2134 nec
948 2103 1070 2133 erubuit
1082 2104 1177 2135 silvas
1186 2105 1274 2135 [zabi-

706 2157 773 2179 tare
792 2148 919 2180 Thalia.
943 2149 1071 2180 Scilicet
1093 2151 1195 2181 nostri
1214 2162 1273 2181 nec

698 2195 915 2235 poenieeeillas
921 2197 1049 2237 proprie
1059 2203 1114 2234 est,
1123 2203 1158 2227 nt
1165 2198 1271 2228 Burm.
