1408 2428
547 89 668 118 LIBER
692 87 734 116 Π.

55 148 294 198 Persequitur
307 147 421 184 vitem
441 144 664 189 adtondens‚
682 143 860 192 fingitque
877 141 1055 191 putando.

55 209 198 245 Primus
218 208 374 244 humum
391 205 526 250 fodito,
542 205 684 253 primus
702 203 856 239 devecta
872 210 1035 239 cremato

60 271 273 313 Sarmenta,
289 275 325 304 et
340 266 456 303 vallos
476 265 618 314 primus
634 263 703 300 sub
721 272 816 299 tecta
831 263 987 308 1·eferto;

58 330 269 363 Postremus
286 325 426 362 metito.
445 325 505 361 Bis
522 323 661 360 vitibus
682 323 822 372 ingruit
838 321 990 367 unibra5
1188 333 1235 357 ιω

59 387 120 423 Bis
136 394 296 435 segetem
316 385 438 422 densis
454 384 647 421 obducunt
664 382 829 420 sentibus
846 381 984 418 lierbae.

60 449 187 482 Durus
208 453 364 494 uterque
381 444 500 481 labor.
519 443 688 480 Laudato
705 442 867 491 ingentia
883 453 973 477 rura
989 454 997 476 :

62 505 247 553 Exiguum
264 504 388 540 colito.
403 507 482 541 Nec
497 516 573 539 non
589 503 699 539 etiarn
717 514 847 550 aspera
865 500 964 537 rusci

63 565 211 601 Vimina
226 578 294 613 per
310 565 438 601 silvani
448 592 458 610 ‚
475 573 512 601 et
531 564 621 613 ripis
638 563 796 599 fluvialis
814 561 958 597 arundo

65 624 246 668 Caeditur,
262 623 466 673 incultique
485 631 633 659 exercet
649 634 739 658 cura
755 621 884 658 salicti.

68 724 245 765 neglectam
262 723 386 753 tonderi
397 725 630 764 interpretatur,

67 771 273 811 piffteritam,
291 777 321 798 et
346 770 398 798 cui
428 776 499 809 post
523 770 632 799 vinde-

68 817 162 845 miam
177 816 264 844 nulla
281 815 382 844 adhuc
398 817 438 844 sit
453 826 527 844 cura
551 816 636 844 adhi-

70 863 145 891 hita.
180 863 280 891 Etiam
305 862 444 898 Sei-vim,
469 860 631 897 relictam,

70 908 190 937 scilicet
214 917 230 936 a
254 917 286 935 se
309 907 416 947 paullo
441 914 510 936 ante
534 907 635 936 deser-

72 961 143 983 tam.
169 970 214 975 -—«
240 958 316 990 407.
346 952 492 982 Tendens
526 954 635 983 Franc.

72 999 224 1040 Fugitque
245 1000 368 1038 Meuag.

121 1045 184 1081 408
207 1062 252 1068 —
279 1051 354 1084 409.
387 1043 520 1081 Subjicit
551 1054 636 1073 nunc

75 1098 215 1131 tempora
232 1091 338 1131 operis
347 1091 506 1121 vinitorii:
523 1096 559 1119 ut
573 1101 639 1120 mo-

74 1144 163 1174 neat,
183 1138 366 1176 tempestive
384 1138 486 1165 omnia
504 1147 567 1166 esse
581 1146 636 1165 cu-

75 1182 180 1212 randa.
207 1183 290 1213 conf.
309 1182 432 1212 Colum.
452 1184 508 1219 IV,
528 1193 634 1219 27.—

78 1229 154 1264 408.
180 1228 312 1269 Dejecta
332 1228 380 1258 ed.
400 1230 481 1258 ven.
497 1228 562 1258 Alii
585 1229 639 1257 de-

76 1282 171 1305 secta.
186 1275 250 1304 vid.
270 1285 338 1314 sup.
359 1285 420 1311 207
448 1274 564 1303 Silvam
589 1275 641 1304 de-

78 1320 164 1350 vexit
176 1328 293 1351 arator.
304 1338 350 1342 —-
367 1326 442 1359 409.
463 1321 572 1349 Vallos
583 1343 590 1356 ‚
607 1320 639 1351 h.

77 1366 263 1406 pedamenta
273 1390 282 1403 ‚
300 1377 340 1396 ne
354 1365 509 1396 imbribus
521 1373 641 1406 putres-

80 1418 161 1442 cant.
181 1423 212 1442 v.
237 1414 340 1442 Varro
367 1415 406 1442 R.
431 1414 470 1441 R.
499 1413 533 1448 1,
551 1412 568 1440 8
582 1434 590 1447 ,
610 1412 640 1442 6.

81 1460 243 1497 Quantum
273 1459 357 1487 enim
386 1457 496 1494 video,
527 1464 619 1497 poeta
633 1480 641 1495 ,

81 1504 260 1543 promiscue
274 1503 369 1533 modo
383 1504 460 1532 vites
469 1503 543 1531 altas
551 1503 643 1533 ulmis

81 1549 211 1589 aliisque
234 1549 400 1579 arboribus
416 1549 553 1589 jugatas,
576 1559 642 1578 mo-

83 1594 124 1624 do
140 1595 377 1631 statuminibus,
389 1595 471 1635 jugis
481 1617 490 1631 ,
505 1596 643 1634 perticis-

83 1652 120 1670 γε
137 1651 171 1670 ac
194 1641 282 1671 vallis
303 1639 439 1670 firmatas
454 1662 462 1677 ,
481 1647 642 1670 memorat.

83 1688 154 1717 Jam
172 1693 236 1723 410
248 1710 256 1724 ,
274 1693 336 1722 411
365 1694 480 1715 meteye
498 1696 557 1726 pro
575 1688 644 1716 vin-

84 1732 219 1763 demiare
230 1755 239 1770 ,
254 1739 291 1762 ut
310 1743 404 1773 supra
422 1740 557 1773 segetem
567 1755 576 1769 ,
595 1743 645 1762 ar-

85 1789 140 1816 να,
168 1789 269 1808 serere
280 1801 289 1816 ,
317 1778 440 1808 semina
471 1778 509 1807 ad
540 1779 645 1808 vineas

84 1825 245 1854 transferri
253 1825 400 1855 vidimus,
412 1824 452 1855 cf.
471 1824 549 1855 adv.
568 1826 644 1862 267.

87 1872 185 1900 Porro
202 1871 252 1900 his
271 1872 306 1900 in
324 1881 405 1900 anuo
416 1893 424 1908 ,
441 1881 512 1900 vere
528 1877 559 1900 et
573 1881 646 1900 auc-

86 1923 197 1946 tumno
208 1939 216 1953 ,
232 1917 495 1956 pampinationem
519 1923 549 1946 et
570 1927 647 1946 run-

87 1963 242 1992 cntionem
251 1961 320 1991 fieri
333 1962 445 1992 debere
455 1962 531 1991 dicit
539 1969 646 2002 poeta;

87 2007 140 2037 sed
153 2019 219 2037 rem
231 2007 269 2037 ab
280 2007 480 2038 antecedente
493 2008 647 2049 designat:

49 2071 58 2078 ·
87 2053 136 2083 bis
167 2055 308 2094 pampini
341 2060 527 2084 excrescunt
552 2055 648 2084 nimia

89 2101 178 2140 eopia
189 2124 198 2138 ,
229 2100 278 2129 bis
315 2099 421 2130 herbae
456 2100 647 2136 exuberant,

89 2146 229 2187 adeoque
255 2146 399 2176 eruendae
426 2153 456 2176 et
481 2146 650 2175 evellendae

89 2199 173 2223 sunt.
193 2194 303 2222 Semes
323 2194 446 2232 poetica
476 2193 566 2232 copia
597 2192 650 2221 ad-

1197 632 1244 656 4¹³

682 724 774 761 jecti3
796 729 871 752 sunt
893 722 945 751 hic
974 732 1066 751 omne
1091 720 1143 758 id,
1162 721 1249 761 quod

687 780 726 798 ex
741 770 806 797 istis
824 768 928 797 herbis
944 769 1099 797 enascitur
1108 775 1139 797 et
1148 768 1249 797 solum

688 814 839 854 implicat.

737 866 812 895 4¹2·
841 860 921 890 Cum
947 865 1009 887 tam
1038 858 1191 887 assiduam
1216 870 1249 888 ac

688 913 870 946 perpetuam
894 915 1021 945 operam
1047 906 1185 944 requirat
1206 907 1251 934 vi-

688 953 767 980 tium
792 951 915 980 cultura
932 960 939 980 ι
956 951 1100 990 placeant
1122 950 1188 979 aliis
1205 952 1251 980 xi-

689 1007 756 1026 neae
768 1007 886 1036 magnae
897 1007 904 1033 ;
916 996 973 1025 tibi
985 1006 1078 1036 parva
1088 996 1251 1036 probetur,

689 1054 759 1083 quae
779 1050 861 1071 recte
880 1049 910 1071 et
931 1049 1018 1071 tanto
1040 1043 1155 1079 majore
1180 1052 1251 1071 cum

689 1089 795 1118 fructu
811 1099 828 1117 a
841 1095 870 1117 te
890 1088 951 1117 coli
966 1089 1073 1128 possit.
1090 1087 1203 1117 Pallad.
1219 1089 1252 1124 Ι,

690 1136 737 1164 tit.
754 1136 773 1163 6
787 1157 796 1171 ,
811 1145 826 1172 7
858 1136 909 1163 Ita
938 1133 970 1162 in
997 1133 1126 1162 arbitrio
1148 1141 1252 1163 nostro

691 1188 754 1217 est,
777 1188 877 1209 utrum
900 1180 974 1220 plus
998 1179 1188 1215 habeamus,
1208 1190 1251 1209 an

693 1227 803 1256 melius
826 1244 873 1250 -—
888 1225 1063 1267 foecundior
1097 1233 1142 1254 est
1169 1225 1253 1254 culta

692 1272 868 1313 exiguitas,
887 1282 982 1312 quam
1001 1270 1186 1311 magnitudo
1203 1281 1255 1300 ne-

690 1319 808 1359 glecta.
826 1318 885 1348 Sed
903 1317 1083 1346 luculentus
1097 1316 1195 1354 hujus
1210 1318 1255 1346 rei

693 1371 725 1394 et
742 1365 805 1394 loci
828 1363 1069 1393 commentarius
1098 1370 1143 1391 est
1172 1362 1255 1402 apud

696 1411 818 1440 Colum.
844 1412 879 1447 Ι,
902 1411 937 1446 3,
964 1409 981 1437 8
1007 1419 1074 1448 sqq.
1098 1409 1161 1445 IV,
1179 1409 1195 1438 3
1209 1431 1217 1445 ,
1236 1415 1255 1443 4

695 1466 761 1496 sqq.
787 1456 868 1485 conf.
906 1455 986 1484 Plin.
1015 1455 1145 1490 XVIII,
1179 1455 1215 1490 6,
1231 1465 1254 1484 s.

696 1512 735 1539 73
758 1503 796 1539 33
813 1502 939 1540 utrique
970 1510 1077 1530 versus
1109 1499 1161 1529 hic
1189 1500 1255 1529 lau-

694 1547 796 1577 datur.
827 1547 918 1576 Vidjt
952 1545 1014 1576 hoc
1045 1547 1257 1586 sagacissimus

694 1595 825 1633 quisque
840 1604 857 1622 e
871 1593 986 1622 nostris
1001 1591 1181 1621 hominibus
1192 1614 1200 1628 ,
1216 1592 1259 1621 la-

694 1638 827 1668 tifundia
842 1638 1012 1679 perdidisse
1026 1638 1102 1667 olim
1118 1638 1237 1667 Italiam
1249 1661 1257 1674 ‚

695 1695 783 1714 nuuc
801 1685 963 1725 plerasque
981 1686 1115 1723 Europae
1132 1685 1259 1723 provin-

698 1732 758 1760 cias
766 1741 801 1760 ac
812 1738 916 1760 terraS.
932 1731 1041 1759 Forma
1055 1730 1204 1759 orationis
1220 1740 1258 1759 ex

697 1777 836 1807 Hesiodo
844 1778 939 1818 petita
954 1769 1029 1819 Ὲργ.
1043 1776 1106 1810 643
1118 1797 1126 1811 ,
1137 1777 1185 1808 Νῆ
1200 1773 1259 1805 0⁸31-

698 1834 755 1867 γῆν
773 1821 881 1859 αἰνεῖν,
900 1820 1022 1865 μεγάλῃ
1042 1817 1071 1850 δ’
1090 1817 1130 1851 ἑνὶ
1148 1818 1259 1863 φορτία.

698 1868 810 1900 Θέσθαι,
829 1869 911 1899 Sieh.
933 1869 954 1898 l.
979 1867 1126 1902 laudato,
1156 1867 1258 1896 valere

697 1916 773 1954 jube
782 1938 790 1952 ,
805 1916 870 1945 aliis
885 1915 1027 1954 relinque
1038 1936 1046 1950 ‚
1060 1913 1197 1942 habeant
1213 1913 1261 1942 illi

699 1962 760 1991 sibi
770 1983 779 1998 ,
797 1968 833 1990 ut
846 1960 956 1997 colito,
971 1969 1031 2000 pro
1046 1958 1160 2001 praefer
1170 1979 1179 1996 ,
1201 1969 1259 1999 po-

700 2008 774 2037 tiori
787 2007 859 2036 loco
871 2006 961 2036 habe.

748 2054 823 2089 413.
842 2054 976 2087 Rmcus,
995 2051 1126 2092 virgulti⁴
1143 2059 1259 2091 genus,

702 2099 748 2138 {Ie
759 2099 842 2139 petit
850 2098 963 2135 houx),
976 2107 1080 2129 ruscus
1089 2096 1260 2126 aculeatus.

702 2145 742 2175 cf.
758 2146 887 2176 Martin.
897 2162 942 2167 -—
958 2145 1034 2180 415.
1059 2142 1179 2172 Salices
1211 2152 1263 2171 cu-

703 2191 806 2222 ran-dae
826 2198 901 2222 sunt
910 2214 919 2228 ,
939 2190 972 2222 h.
993 2192 1090 2232 virgae
1105 2199 1145 2219 ex
1159 2189 1197 2218 iis
1211 2197 1264 2228 pa·
