1408 2428
529 74 697 104 ECLOGA
721 76 792 104 VII.

577 146 746 169 'rui-mus.

69 194 250 232 Fraxinus
269 194 305 229 in
321 193 420 230 silvis
437 192 705 241 pulcherrima,
722 193 830 241 pinus
847 193 885 228 in
901 193 1038 239 hortis,
1223 207 1254 230 ⁶5

71 255 235 304 Populus
252 254 289 290 in
306 253 428 289 fluviis
439 280 449 297 ,
466 252 568 289 abies
584 252 622 287 in
638 253 828 288 montibus
850 254 942 290 altis.

71 315 214 364 Saepius
232 323 268 351 at
284 314 314 351 si
330 326 407 358 me,
424 312 565 360 Lycida
582 312 762 357 formose,
783 314 944 359 revisas,

70 375 252 411 Fraxinus
268 373 307 410 in
321 373 422 410 silvis
439 372 545 408 cedat
562 372 650 417 tibi,
668 373 775 421 pinus
792 373 830 408 in
849 373 980 410 hortis.

557 445 772 468 murmontis.

73 497 162 531 Haec
177 493 346 537 memini,
363 501 399 529 et
415 492 555 528 x‘ictum
576 492 713 528 frustra
729 493 955 528 contendere
970 493 1142 542 Thyrsin.

74 554 147 590 *Ex
162 555 226 590 illo
241 553 416 602 Corydon
432 551 607 601 Corydon
627 561 681 589 est
698 560 866 600 tempore
882 553 1022 590 nobis*
1228 576 1256 599 70

75 677 226 717 Iosophjae
258 678 431 707 involucris
466 678 615 708 fabulosis
636 690 643 715 ;

76 723 164 761 quod
187 730 217 752 et
234 725 337 764 ipsum
351 734 470 759 vereor,
487 731 523 753 ut
543 732 646 764 pasto-

76 769 117 796 ris
134 769 262 809 ingenio
281 769 549 799 accommodatum
565 772 615 800 sit,

125 814 167 843 65
182 832 226 836 ——
238 816 292 845 68.
312 814 412 843 Pinus
425 815 457 843 in
473 814 568 843 hortis
580 837 588 851 ,
602 816 648 854 pi—

80 870 138 888 nus
154 862 259 896 sativa,
272 871 326 889 seu
337 860 515 896 domestica,
530 867 560 889 et
574 860 647 889 hor-

80 906 185 943 tensis,
200 905 315 936 Ovidio
333 907 402 935 Art.
421 907 467 934 III
478 928 486 941 ,
506 905 582 945 692.
594 905 647 934 Pi-

81 961 138 979 nus
161 952 265 989 culta,
288 949 376 986 πίτυς
403 950 533 993 ‘ky-Spa,
554 951 647 980 arbor

79 1007 199 1037 semper
217 999 321 1026 virens
333 1020 340 1034 ‚
366 1004 396 1026 et
415 997 525 1038 apibus
551 1004 645 1037 grata,

80 1042 118 1071 de
135 1053 195 1082 qua
208 1043 299 1073 docta
317 1043 355 1072 ad
374 1042 404 1073 h.
428 1044 449 1072 l.
476 1043 646 1083 disputatio

80 1090 210 1120 Heinsii.
238 1089 276 1119 cf.
307 1088 406 1119 Cerda
434 1089 471 1117 ad
498 1090 554 1118 Ge.
590 1090 645 1125 lv,

85 1144 157 1163 112.
180 1152 225 1157 -α
238 1136 292 1173 67.
311 1134 473 1165 Praeferam
499 1142 528 1163 te
555 1134 648 1163 fraxi-

81 1190 123 1209 no
142 1186 172 1209 et
185 1183 272 1221 pino.
288 1198 333 1203 --
343 1181 397 1210 68.
412 1181 517 1221 Vulgo
529 1180 646 1209 lectum

79 1225 178 1255 cedet.

127 1271 181 1311 69.
201 1275 339 1313 Operose
358 1273 473 1303 docent
485 1273 545 1301 viri
563 1271 648 1302 docti

81 1327 137 1357 per
164 1324 261 1348 totam
280 1320 437 1360 Eclogam,
457 1325 649 1359 quantopere

82 1364 117 1391 in
155 1365 286 1404 singulis
325 1365 467 1394 versibus
507 1365 650 1403 superior

82 1407 197 1448 Thyrsi
225 1411 265 1439 sit
288 1411 459 1451 Corydon,
483 1411 520 1438 iis
547 1416 648 1438 tamen

82 1453 146 1482 fere
176 1457 366 1495 argumentis
382 1478 390 1492 ‚
418 1462 472 1491 ut,
501 1455 527 1483 si
559 1461 649 1494 poeta

82 1499 221 1540 Thyrsin
237 1502 389 1530 iictorem
406 1501 648 1540 pronuntiasset,

80 1545 175 1574 iidem
188 1545 283 1584 hujus
291 1546 402 1584 judicii
412 1556 531 1575 caussas
541 1552 570 1574 et
579 1556 652 1585 pro-

84 1586 226 1620 bationes
242 1592 280 1620 ab
298 1592 407 1621 iisdem
428 1592 505 1621 locis
524 1591 651 1620 ducturi

83 1636 176 1666 fuisse
198 1637 374 1667 videantur.
395 1639 466 1667 Hoc
483 1637 571 1666 facile
584 1648 652 1677 per-

81 1683 180 1722 spicio
193 1705 200 1719 ,
225 1683 364 1725 Thyrsin
379 1694 442 1712 esse
462 1689 651 1724 perpetuum

84 1728 262 1769 Corydonis
310 1729 551 1759 obtrectatorem
569 1741 578 1766 ;
618 1729 651 1758 id

82 1774 168 1814 quod
185 1776 253 1816 ipsa
268 1776 321 1806 lex
347 1777 491 1806 carminis
510 1774 650 1805 amoebaei

699 678 853 718 postulat;
872 677 966 715 hujus
977 685 1078 709 tamen
1088 691 1195 710 versus
1204 692 1265 722 qua

699 724 823 753 tandem
848 725 882 753 in
907 735 939 753 re
958 724 1129 765 Thyrsidos
1154 737 1264 757 nume-

700 771 742 799 ris
769 776 934 809 praestent‚
960 771 1016 808 qui
1046 771 1152 800 tardus
1178 784 1265 802 mens

701 825 809 843 sensus
833 821 896 851 est,
916 815 1061 853 equidem
1079 827 1145 846 non
1168 821 1266 857 perci—

699 862 763 900 pio.
792 861 917 889 Inventi
948 861 1055 890 saltem
1082 862 1206 892 laudem
1233 867 1266 894 in

701 911 814 935 neutro
833 905 926 935 video
944 917 1007 936 esse
1027 918 1188 948 magunum
1206 921 1267 939 ma-

697 953 798 989 jorem
822 957 925 980 tamen
951 953 985 981 in
1004 963 1052 990 eo,
1067 955 1119 983 cuj
1137 965 1175 983 ex
1190 962 1267 985 tem-

699 1008 776 1037 pore
792 997 1045 1037 respondendum
1079 1007 1124 1029 est
1157 1001 1194 1029 ad
1222 1003 1265 1038 id,

700 1042 785 1082 quod
811 1043 887 1072 alter
902 1054 941 1072 ex
957 1044 1106 1075 meditato
1124 1055 1265 1086 paratum

699 1088 860 1119 habuerat.

748 1145 800 1172 70.
827 1136 881 1163 Ex
890 1134 945 1164 illo
959 1136 1104 1174 Corydon
1115 1145 1173 1168 ete.
1189 1140 1268 1180 [To-

700 1187 768 1209 tum
794 1191 919 1209 versum
947 1192 1011 1210 esse
1047 1189 1109 1212 tam
1135 1186 1265 1215 inertem

701 1232 805 1254 censet
826 1233 942 1263 noster,
965 1234 1001 1256 ut
1022 1229 1077 1256 vix
1102 1240 1118 1257 a
1135 1232 1268 1272 Virgilio

699 1271 876 1312 profectum
886 1272 946 1301 sibi
959 1273 1150 1312 persuadeat.
1159 1278 1267 1316 Quan-

702 1324 769 1346 tum
783 1324 922 1357 praestat,
939 1318 1105 1356 exclamat,
1123 1321 1269 1352 Theocri-

703 1369 789 1391 teum
806 1362 901 1399 illud,
919 1365 1013 1400 VIII,
1029 1375 1069 1403 92
1090 1376 1097 1395 ε
1114 1365 1182 1399 Κὴκ
1197 1367 1265 1398 τού-

702 1419 745 1437 τω
768 1406 878 1448 Δάφνις
898 1406 987 1451 παρὰ
1006 1410 1129 1452 ποιμέσι
1151 1414 1267 1455 πρᾶτος

704 1453 818 1497 ἔγεντο.
829 1471 875 1477 —-
884 1456 1111 1495 Interpretatur
1131 1461 1179 1488 Ru
1185 1470 1247 1490 aeus
1259 1471 1266 1490 ε

702 1513 718 1524 «
738 1501 792 1528 Ex
811 1500 867 1529 illo
886 1508 1024 1540 tempore
1045 1502 1189 1542 Corydon
1213 1506 1267 1535 ha—

702 1545 796 1575 betur
815 1556 831 1574 a
852 1546 940 1575 nobis
956 1558 1029 1576 vere
1052 1549 1213 1588 Corydon,
1236 1552 1267 1580 id

703 1598 764 1627 est,
778 1602 850 1620 vere
864 1591 977 1633 dignus
991 1604 1024 1622 ea
1034 1593 1129 1632 fama,
1143 1607 1204 1635 qua
1214 1597 1268 1627 flo—

705 1644 752 1666 ret
766 1637 848 1677 apud
862 1648 979 1669 omneS.
996 1654 1011 1664 n
1026 1639 1037 1679 ]

749 1700 796 1707 ·—
812 1683 892 1714 Ibid.
928 1684 1040 1714 Noblis
1070 1694 1265 1718 contractum

704 1739 764 1769 pro
787 1729 900 1759 nobilis
926 1730 1000 1771 legit
1023 1733 1180 1770 Nannius,
1200 1734 1265 1764 sine

705 1777 887 1806 anctoritate
903 1783 955 1806 ant
965 1777 1119 1816 exemplo.
