1408 2428
538 83 707 114 ECLOGA
732 85 788 114 IX.
1222 96 1232 114 1
1246 87 1284 115 15

92 144 246 177 Mantua
266 154 322 177 vae
342 141 486 177 miserae
506 140 663 176 nimium
684 141 807 177 vicina
828 143 1038 179 Cremonae!

92 201 289 237 Cantantes
310 200 468 238 sublime
490 200 609 236 ferent
631 200 678 236 ad
698 200 822 237 sidera
843 201 962 250 cycni.
987 218 1001 232 υ

606 274 777 297 ιῑοωΑε.

94 321 155 357 Sic
177 329 239 356 tua
259 323 420 369 Cyrneas
443 321 586 370 fugiant
607 320 778 357 examina
800 329 906 357 taxos
915 337 925 367 3
1256 331 1286 354 30

93 379 155 415 Sic
172 380 290 427 cytiso
311 388 425 428 pastae
445 379 657 416 distendant
678 379 796 416 ubera
816 392 939 416 vaccae
956 393 963 414 z

93 438 240 487 Incipe,
261 439 291 474 si
311 439 403 487 quid
426 438 553 475 habes.
576 441 621 474 Et
642 452 700 475 mc
722 440 843 475 fecere
865 447 1016 488 poetam

94 499 276 546 Pierides;
298 508 384 536 sunt
404 509 440 536 et
460 500 552 537 mihi
572 500 754 547 carmina5
776 513 834 536 me
854 513 1005 549 quoque
1027 499 1155 536 dicunt

92 632 231 662 Mincius
245 633 282 662 iis
296 633 445 671 abundat,
455 635 513 665 Ge.
523 636 564 672 ΙΙ,
581 635 655 674 198,

98 689 159 718 ¹99
177 681 221 708 Ec
242 680 371 719 qualem
404 680 521 721 infidia:
550 681 659 712 amisit

92 725 229 754 ῘΙΙαηῑιια
239 736 396 766 campum,
414 729 600 756 Pascentem
614 731 659 759 ηἰ-

93 781 162 799 veos
179 769 454 814 herbosoflumine
472 784 598 811 cycnos.
615 777 658 804 Ut

93 816 185 854 cycni
197 824 298 856 poetae
315 819 393 854 sint,
409 818 467 846 etsi
488 818 568 846 illud
592 820 659 848 aliis

91 861 169 891 locis
193 864 334 892 occurrit
347 885 355 900 ‚
373 875 403 893 v.
422 862 460 892 ad
477 865 586 893 Horat.
602 866 657 902 IV,

93 909 195 938 Carm.
214 919 244 945 2,
260 909 302 938 25
316 915 347 938 et
364 909 395 938 h.
415 908 525 946 Cerda,
544 910 600 938 vix
615 912 658 940 vi-

92 954 152 985 deo
172 954 332 994 quomodo
350 955 513 985 commode
526 954 591 986 flat.
613 959 659 986 Ita

92 1008 193 1031 esset:
217 1008 319 1041 poetae
345 1002 511 1031 Mantuani
539 1004 659 1033 Varum

93 1047 315 1085 celebrabunt3
333 1048 443 1082 saltem
461 1048 583 1078 dictum
599 1051 659 1079 erit

93 1093 131 1123 de
156 1104 220 1123 uuo
246 1095 388 1124 Marone.
405 1096 525 1124 Verum
547 1106 595 1124 res
617 1097 658 1125 ita

93 1139 276 1169 declaranda
305 1151 369 1169 esse
398 1140 546 1171 videtur:
563 1142 659 1182 Quod

92 1186 189 1227 vulgo
202 1193 267 1216 erat
280 1209 288 1223 ‚
302 1197 419 1216 nomen
438 1194 529 1217 tuum
545 1199 601 1228 per
615 1195 659 1218 to-

93 1239 161 1261 tum
178 1243 286 1273 agrum
299 1235 509 1263 Mantuanum
525 1235 659 1264 celebra-

93 1278 197 1316 bitur;
208 1281 330 1319 poetica
340 1281 470 1317 ratione,
485 1280 522 1310 ad
533 1281 659 1311 olorum

94 1331 221 1355 cautum
247 1333 424 1356 revocatur.
453 1327 549 1367 Quod
575 1328 659 1356 enjm

92 1377 194 1410 poetae
207 1382 333 1401 sensum
344 1374 451 1413 tangit,
460 1372 492 1401 id
507 1384 580 1401 cum
593 1384 659 1402 om-

94 1427 127 1445 m
143 1427 248 1446 rerum
266 1425 378 1447 natura
390 1440 398 1453 ,
414 1420 546 1447 animata
561 1425 591 1447 et
611 1420 660 1448 in-

93 1463 225 1492 animata
238 1464 500 1494 communicatur.
509 1466 551 1494 Ut
565 1465 662 1505 igitur

92 1509 186 1538 simili
216 1508 311 1538 modo
342 1516 444 1539 totum
474 1521 585 1540 nemus
606 1511 661 1540 ali-

93 1565 187 1594 quem
211 1565 321 1584 canere
351 1555 509 1585 diceretur
525 1579 533 1593 ‚
562 1563 661 1597 utque

92 1611 187 1640 supra
199 1601 266 1630 Ecl.
277 1603 317 1637 V,
334 1601 533 1642 Daphnidem
550 1603 660 1643 lugent

93 1653 125 1675 et
153 1646 313 1676 celebrant
342 1647 490 1677 laudibus
514 1649 600 1677 silvae
624 1658 659 1677 ac

93 1691 185 1730 ferae3
206 1700 236 1722 et
254 1695 284 1729 Ι,
304 1695 365 1733 39,
384 1700 426 1729 4ο
446 1694 547 1723 fontes
566 1701 597 1723 et
611 1705 659 1723 ar-

94 1738 187 1768 busta
204 1739 421 1769 desiderabant
436 1741 603 1781 Tit-yrum;
618 1742 661 1769 ita

95 1794 181 1814 nunc
200 1787 294 1826 cycni
326 1787 501 1816 concinunt
529 1787 563 1815 in
586 1788 663 1816 Vari

93 1829 257 1861 honorem.
290 1832 474 1872 Cycnorum
510 1839 639 1862 cantum
653 1856 661 1870 ,

94 1876 202 1905 saltem
223 1877 430 1915 silvestrium,
452 1885 559 1908 nostra
578 1889 658 1918 quo-

95 1932 157 1962 que
188 1929 275 1952 aetate
306 1934 413 1953 rerum
442 1926 660 1964 experimento

94 1967 298 1997 vindicarunt
315 1969 421 2008 plures
439 1971 500 1999 viri
517 1970 613 2005 docti,
627 1970 661 1998 in

95 2013 144 2042 his
171 2013 218 2044 Cl.
244 2016 392 2055 Mongez.
417 2017 465 2045 De
491 2017 575 2044 Varo
596 2015 659 2045 vid.

97 2059 135 2088 ad
148 2060 213 2089 Ecl.
230 2062 285 2090 VI.
294 2061 446 2091 Meritum
458 2062 524 2099 ejus
534 2061 661 2102 aliquod

96 2105 191 2135 fuisse
206 2114 333 2147 apparet
343 2129 351 2143 ,
368 2107 402 2136 in
417 2108 496 2147 agris
514 2109 660 2137 Mantua-

45 2161 55 2168 ·
97 2161 213 2181 norum
247 2163 263 2181 a
293 2160 513 2183 veteranorum
546 2154 661 2191 injuria

100 2195 305 2231 vindicandi&
323 2201 455 2239 Superec
464 2200 557 2231 modo
571 2201 662 2229 Man-

711 642 765 664 tua
785 634 884 669 nobis,
903 634 934 664 h.
961 635 1131 664 incolumis
1154 641 1184 663 et
1199 635 1284 664 salva

711 682 761 716 sit,
773 682 852 721 agris
866 680 994 710 redditis
1006 692 1014 717 ς
1035 691 1099 720 quo
1114 680 1211 717 facto,
1224 682 1286 721 ipsi

712 727 845 766 Virgilio
872 737 936 756 suae
966 727 1177 766 possessiones
1206 737 1282 756 con-

712 772 927 801 servabantur.
949 790 995 793 —
1010 772 1063 800 28.
1089 773 1144 800 Vae
1162 772 1283 801 miserae

713 827 744 846 η.
764 817 889 846 Scilicet
908 828 981 845 cum
1007 818 1283 853 Cremonensium,

712 862 768 901 qui
783 863 877 892 Cassii
895 870 926 891 et
939 863 1029 891 Bruti
1045 869 1149 902 partes
1159 866 1286 903 sequuti

712 907 854 945 fuerant,
881 910 945 949 agri
972 908 1109 937 militum
1137 919 1284 946 numero,

713 955 766 983 cui
788 955 932 996 assignati
950 954 1090 991 fuerant,
1108 965 1175 983 non
1190 954 1284 984 suffi-

713 1008 837 1039 cerent,
863 1002 1003 1041 proximi
1027 1002 1093 1041 agri
1115 1002 1285 1031 Mantuani

713 1047 810 1077 additi
826 1054 901 1077 suut
912 1070 920 1083 ‚
936 1047 1010 1077 lieet
1025 1058 1059 1076 ea
1073 1046 1149 1076 urbs
1163 1048 1198 1076 in
1215 1048 1285 1077 Au-

712 1095 796 1134 gusti
826 1093 970 1134 partibus
999 1094 1117 1123 fuisset.
1150 1104 1179 1122 v.
1208 1094 1283 1122 Vita

713 1141 799 1181 Virg.
814 1151 840 1170 a.
864 1152 879 1178 7
892 1150 939 1169 12.
954 1157 1001 1162 -
1012 1150 1064 1180 29.
1078 1138 1283 1180 Sublimafh-

713 1193 785 1215 rene
809 1198 826 1215 e
849 1189 974 1216 Lucret.
1006 1186 1098 1216 Malit
1123 1185 1284 1214 inculcare

712 1232 836 1263 Wakef.
864 1232 903 1261 ad
930 1234 1054 1262 Lucret.
1074 1233 1108 1268 I,
1131 1232 1208 1267 341.
1225 1233 1283 1261 Fe-

712 1286 796 1308 rant.
815 1278 900 1308 Gud.
920 1278 1017 1307 Goth.
1034 1289 1082 1318 pr.

763 1326 815 1354 30.
842 1324 894 1353 Sic
911 1330 986 1353 nota
1012 1322 1191 1353 obtestandi
1222 1323 1285 1353 for-

714 1370 799 1399 mula
827 1370 894 1400 :cf.
938 1370 1004 1399 Ecl.
1034 1372 1080 1406 X,
1114 1375 1144 1404 4.
1172 1369 1285 1409 Incipe

715 1427 835 1451 canere,
851 1415 879 1445 si
900 1416 980 1455 quid
998 1414 1103 1451 hach,
1123 1415 1211 1454 quod
1231 1425 1285 1443 ca·

714 1473 786 1498 naS,
803 1469 857 1491 aut
871 1462 993 1502 potitis,
1007 1461 1094 1501 quod
1108 1462 1287 1491 memineris

715 1519 754 1538 ex
767 1508 909 1538 Menalca
926 1507 1069 1537 auditum
1086 1517 1093 1536 :
1111 1507 1156 1535 sic
1170 1507 1286 1546 apibus

714 1561 745 1584 et
771 1554 918 1594 gregibus
948 1554 1008 1583 tuis
1038 1553 1119 1582 bene
1149 1554 1285 1582 eveniat.

717 1601 857 1639 Cyrneas
884 1607 979 1628 taxos
993 1621 1001 1636 ,
1020 1599 1203 1629 Corsicanas
1216 1622 1223 1635 ,
1246 1610 1286 1628 ex

714 1645 837 1689 Κύρνος.
861 1647 968 1676 Taxus
994 1647 1127 1675 omniuo
1157 1644 1285 1674 mellifi-

714 1694 763 1722 cio
791 1693 921 1723 exitiosa
945 1691 1027 1722 :Ge.
1056 1693 1112 1728 IV,
1144 1697 1182 1729 47
1211 1692 1282 1720 Neu

710 1739 842 1779 propius
862 1738 951 1768 tectis
976 1745 1089 1767 taxum
1109 1736 1189 1766 sine.
1209 1737 1284 1776 6177·-

716 1796 794 1815 neas
826 1796 900 1826 ergo
930 1794 996 1813 non
1024 1783 1111 1812 aliter
1139 1783 1284 1822 accipies,

716 1842 811 1872 quam
830 1838 866 1861 ut
886 1841 902 1859 a
924 1830 1048 1859 notiore
1066 1839 1100 1857 ac
1117 1828 1283 1858 famosiore

712 1889 825 1919 genere
850 1876 1013 1916 epitheton
1041 1875 1121 1904 taxis
1150 1874 1283 1905 dederit.

713 1924 782 1954 Mel
794 1932 952 1958 amarum,
972 1922 1008 1950 in
1029 1931 1063 1950 ea
1087 1921 1189 1950 insula
1206 1931 1283 1950 con-

713 1970 841 2005 fectum,
858 1969 931 1997 satis
950 1974 1077 2003 notum,
1096 1974 1168 2007 post
1183 1974 1231 1996 tot
1244 1966 1283 1997 de

715 2015 841 2045 Corsica
856 2015 999 2044 virorum
1018 2013 1187 2043 doctorum
1204 2023 1287 2042 com-

714 2061 930 2090 mentationes.
949 2077 996 2083 ›—
1017 2061 1069 2091 31.
1098 2060 1194 2101 Vulg.
1214 2059 1286 2088 Dis-

714 2114 846 2137 tentent.
874 2106 1060 2136 Dis-tentant
1074 2107 1207 2136 Vossius
1234 2116 1283 2146 pr.

713 2152 896 2182 distendent
914 2152 962 2182 ed.
978 2155 1059 2182 Veu.
1071 2170 1117 2175 -—-
1136 2152 1284 2182 33—36.

715 2200 764 2230 Ex
785 2199 943 2233 Tlleocrit.
959 2200 1021 2230 VII
1034 2221 1042 2237 ,
1064 2200 1213 2237 37-4ῐ,
1232 2209 1286 2238 92·
