1408 2428
612 76 741 108 LIBER
766 80 790 107 1.

1240 84 1297 119 167

161 138 314 172 Possum
330 136 446 172 multa
460 135 532 171 tibi
552 143 723 172 veterum
744 145 931 186 praeccpta
948 139 1105 184 refer1·c;

109 195 157 230 Ni
172 195 331 244 refugis,
352 195 549 244 tenuisque
565 194 668 244 piget
685 207 911 244 cognoscere
929 211 1048 234 curas.

108 258 208 291 Area
227 268 312 291 cum
332 255 462 304 primis
485 255 626 305 ingenti
642 256 825 305 aequanda
845 257 1036 306 cylindro,

109 317 154 351 Et
169 315 350 352 vertenda
365 328 496 361 manu,
514 323 551 352 et
568 325 670 353 creta
686 315 879 353 solidanda
897 317 1017 353 tenaci
1035 330 1044 351 τ

107 439 304 470 conficienda
335 451 399 471 esse
429 440 546 471 dicitur
560 465 568 478 ‚
600 453 671 482 φατι

105 498 210 516 curms
225 487 305 516 imos
323 498 343 516 a
360 495 446 529 tergo
464 495 622 527 torqueat,
637 488 669 518 h.

105 540 241 562 aratrum
254 535 369 573 ipsum,
385 535 460 563 rotis
478 534 669 570 subnixum3

104 579 192 618 quod
218 580 315 609 Gallis
340 581 499 619 peculiare
523 580 617 610 fuisse
641 588 671 609 et

104 627 190 655 Serv.
207 625 239 655 h.
257 626 277 655 l.
299 632 386 655 notat
402 633 433 655 et
451 626 530 656 Pliu.
548 628 670 663 XVIII,

107 671 148 706 48
165 694 172 704 ,
190 682 220 711 p.
246 673 325 707 123,
348 672 367 700 l.
386 673 426 701 23
442 694 451 707 ,
471 672 567 702 modo
591 674 670 702 Har-

105 717 197 746 duini
222 718 497 757 interpolationem
525 729 591 748 non
615 718 670 747 ad-

105 764 219 793 mittas,
234 765 307 793 Erat
317 764 400 793 enim
416 765 544 803 antiqua
554 764 648 793 lectio
661 774 669 793 ε

105 809 214 838 latiore
240 809 371 850 cuspide
398 820 506 838 vomer
524 819 531 839 :
547 810 590 838 Id
604 820 669 839 non

99 855 225 894 pridem
261 855 419 884 inventum
457 854 490 883 ιή
530 854 664 885 Rlzaeeia.

107 901 225 930 Galliae
240 901 320 930 duas
334 901 525 930 addiderunt
542 901 603 930 tali
615 912 665 930 ro-

104 947 205 982 eulas;
221 947 307 987 qnod
322 958 425 987 genus
452 954 575 976 vocant
591 948 665 987 pla-

106 993 214 1022 naratt'
225 994 237 1034 (
247 993 431 1033 plaumarati
442 992 463 1032 ).
480 993 602 1023 Robora
617 1005 667 1023 ve-

104 1050 140 1068 ro
158 1038 190 1069 h.
205 1040 343 1075 materia,
363 1050 418 1069 seu
433 1039 566 1079 lignum,
580 1040 666 1069 unde

103 1085 170 1115 haec
197 1085 423 1122 conficiantur,
433 1085 529 1126 fitmo
553 1086 668 1116 duram

102 1143 167 1161 esse
186 1132 311 1162 debent.
336 1133 421 1162 conf.
440 1133 569 1162 Hesiod.
590 1126 666 1176 Ϊῗργ.

105 1178 164 1213 45,
188 1179 264 1218 629.
280 1179 455 1218 Explmm,
474 1179 600 1208 videtur
617 1191 669 1208 ex-

102 1225 238 1264 primere
271 1232 417 1254 naturam
454 1226 531 1254 fumi
546 1248 554 1262 ‚
591 1225 667 1255 dum

102 1270 184 1300 lente
200 1282 257 1311 per
273 1273 410 1301 minutas
418 1272 588 1312 particulas
604 1283 669 1301 sese

102 1317 260 1353 insinuat,
279 1325 315 1347 ut
334 1318 401 1354 iter,
420 1318 504 1353 vias,
525 1319 669 1347 tenebras

102 1363 271 1403 explorare
286 1364 431 1394 dicimur.
444 1366 549 1394 Potest
565 1371 668 1393 tamen

103 1410 197 1438 etiam
210 1409 332 1438 dictum
343 1420 417 1444 esse,
428 1416 464 1438 ut
473 1410 574 1449 poetis
584 1410 668 1447 alias,

97 1455 246 1494 probare,
254 1462 290 1484 ut
305 1455 344 1484 de
358 1455 499 1484 bonitate
508 1456 586 1497 ligni
595 1456 669 1486 inde

104 1502 305 1538 constet‚nisi
317 1502 401 1531 euim
409 1500 538 1530 firmum
555 1509 586 1531 et
599 1512 671 1542 pro-

104 1547 182 1576 bum
197 1548 251 1584 sit,
271 1558 453 1577 exarescens
474 1548 567 1577 rimas
589 1555 667 1588 aget.

105 1594 203 1623 Nimis
221 1593 346 1624 subtilis
370 1594 422 1623 illa
444 1595 540 1630 ratio,
559 1602 595 1623 ut
613 1605 670 1623 ex-

98 1640 228 1679 plorare
241 1640 361 1669 dictum
380 1641 421 1669 sit
433 1651 492 1680 pro
505 1639 668 1678 exsudare,

104 1696 282 1726 excoquere
293 1709 300 1723 ‚
318 1686 476 1727 expellere
502 1686 669 1716 humorem

105 1739 252 1772 tanquam
280 1733 422 1762 lacrimas
454 1743 488 1762 ac
512 1733 668 1773 ploratus.

106 1779 253 1808 Ceterum
287 1779 443 1811 advocant
482 1779 543 1808 viri
585 1779 671 1809 docti

106 1824 236 1856 Hesiodi
258 1818 335 1868 ἐρ’γ.
362 1832 437 1863 [427-
461 1836 529 1865 sqq.
550 1828 671 1856 Verum

107 1871 145 1900 de
161 1870 221 1900 hoc
234 1878 266 1901 et
283 1871 350 1901 aliis
365 1871 437 1901 vide
453 1874 585 1902 Excurs.
602 1874 616 1901 I
631 1872 671 1901 ad

106 1918 137 1947 h.
156 1917 176 1946 l.

157 1974 232 2001 177.
253 1964 448 2005 Cognoscere
473 1975 586 1994 causas
604 1964 670 1995 Ob-

104 2011 218 2051 lougus
234 2011 337 2040 Pierii.
352 2028 397 2033 —
420 2011 493 2048 178.
510 2012 557 2040 De
573 2021 669 2046 area,

66 2073 72 2097 ξ
106 2054 194 2098 ἁλωᾷ
204 2080 212 2093 ,
229 2063 372 2086 veterum
388 2056 591 2097 cogitandum
603 2063 649 2086 est
663 2065 671 2086 :

12 2125 21 2132 .
104 2104 160 2142 qui
185 2110 251 2132 erat
275 2102 365 2132 locus
389 2103 423 2132 in
443 2103 513 2144 ipso
531 2113 605 2143 agro
622 2112 675 2143 pa-

72 2147 75 2159 *
104 2155 172 2178 tens
184 2156 219 2179 et
233 2148 334 2179 editus
349 2149 505 2190 (Varroni
520 2156 566 2178 est
581 2148 675 2178 subli-

106 2194 202 2231 mior;
223 2204 253 2226 et
285 2205 354 2225 arca
381 2195 546 2225 extumida
556 2194 585 2236 )‚
612 2205 674 2236 qua

724 448 838 472 ventus
870 441 1002 481 perflare
1029 448 1150 481 posset,
1178 442 1298 471 solidus

726 499 760 517 ac
775 488 990 528 complanatus
1004 510 1012 525 ‚
1023 498 1088 527 quo
1102 487 1296 517 frumentum

725 545 765 563 ex
784 544 857 574 agro
882 541 1065 574 congestum
1091 535 1193 562 statim
1220 541 1297 563 tere-

726 580 820 609 batur
836 586 865 608 et
888 580 1117 615 ventilabatur3
1134 587 1202 608 tum
1220 590 1295 620 pur—

725 633 832 667 gatum
852 626 946 655 corde
970 627 1003 655 in
1021 625 1133 655 horrea
1151 625 1296 665 deporta-

725 672 828 701 batur.
845 677 875 701 V.
892 674 994 701 Varro
1009 671 1047 701 de
1067 674 1105 702 R.
1127 673 1165 701 R.
1186 673 1217 707 Ι,
1237 672 1273 700 51
1288 683 1296 707 ;

724 728 791 748 non
810 718 913 754 enim,
930 725 967 746 ut
988 717 1072 757 apud
1090 728 1164 754 nos,
1184 718 1296 746 tritura

724 765 758 792 in
778 763 894 792 horreo
914 763 1149 792 instituebatur.
1173 763 1297 793 Scilicet

724 810 798 837 anni
815 815 939 848 tempus
952 831 960 844 ‚
975 819 1040 848 quo
1049 808 1110 838 hoc
1123 809 1278 838 faciebant
1288 833 1295 843 ,

720 855 841 883 siccum
878 861 909 883 et
948 854 1043 883 nullis
1084 854 1202 895 pluviis
1238 855 1295 884 ob-

720 901 876 936 noxium,
896 900 988 941 quale
1009 902 1043 930 in
1066 901 1132 929 istis
1159 901 1295 942 regioni—

720 946 781 975 bus
804 957 868 975 esse
896 947 993 983 solet,
1023 947 1149 976 nullum
1177 954 1294 976 tectum

720 993 847 1028 locum,
873 999 909 1021 ut
941 993 1023 1033 apud
1049 1004 1123 1025 nos,
1140 994 1295 1033 requirit:

721 1040 754 1068 in
776 1040 812 1068 iis
834 1045 937 1068 tamen
962 1039 1104 1079 partibus
1122 1040 1156 1068 in
1178 1039 1296 1079 quibus

721 1085 837 1114 coelum
861 1086 1092 1115 inconstantius
1120 1091 1217 1119 esset,
1242 1093 1295 1114 aut

721 1131 878 1161 nubilaria
894 1133 997 1161 vicina
1023 1131 1222 1160 habebantur
1237 1141 1244 1161 z
1263 1143 1292 1160 v.

722 1180 823 1207 Varro
837 1179 876 1215 Ι,Δ
897 1179 934 1207 13
948 1201 956 1214 ‚
981 1179 999 1207 5
1012 1201 1020 1215 ‚
1040 1185 1094 1207 aut
1121 1179 1155 1207 in
1177 1177 1294 1207 horreo

720 1225 848 1264 perticis
875 1224 1100 1254 exterebantur
1124 1234 1217 1265 grana
1239 1235 1295 1264 per

721 1269 866 1299 hiemem.
894 1282 924 1299 v.
949 1271 1072 1300 Colum.
1099 1272 1129 1299 II
1144 1292 1153 1307 ‚
1176 1281 1214 1299 21
1230 1292 1239 1306 ‚
1264 1276 1279 1304 l,

722 1316 858 1346 Modum
880 1315 1071 1345 conficiendi
1095 1326 1196 1345 aream
1218 1326 1295 1344 eun-

723 1362 794 1391 dem
808 1362 872 1391 fere
888 1373 962 1391 cum
979 1369 1089 1392 nostro
1108 1361 1202 1391 tradit
1215 1372 1295 1401 pra*-

723 1415 770 1437 ter
785 1410 921 1438 Varron.
950 1410 963 1437 I
977 1431 985 1445 ‚
1021 1409 1074 1445 51,
1104 1409 1181 1438 Cato
1199 1407 1237 1436 de
1255 1410 1293 1437 R.

723 1456 762 1484 R.
778 1464 817 1493 91
837 1461 867 1483 et
885 1465 958 1494 129.
976 1454 1014 1484 cf.
1028 1454 1152 1484 Colum.
1167 1455 1215 1491 ΙΙ,
1231 1464 1272 1482 20
1286 1464 1292 1482 :

723 1500 838 1530 Pallad.
858 1502 888 1536 Ι,
909 1502 955 1530 tit.
989 1501 1047 1536 363
1078 1502 1158 1536 VII,
1184 1501 1231 1530 tit.
1260 1510 1292 1531 1:

724 1547 868 1586 Geopon.
883 1548 914 1575 II
925 1569 933 1583 ‚
952 1547 1004 1577 26.
1020 1546 1084 1575 vid.
1099 1546 1137 1575 ad
1147 1546 1253 1576 Tibul.
1269 1548 1292 1575 Ι.

726 1593 744 1621 5
755 1615 763 1629 ‚
776 1602 793 1621 2
803 1603 829 1621 1.
844 1592 1010 1632 Operosius
1023 1602 1124 1622 aream
1140 1594 1294 1622 instruere

723 1639 892 1679 Virgilium
917 1640 959 1668 ait
980 1639 1058 1670 Plin.
1082 1641 1211 1675 XVIII,
1234 1650 1293 1678 29,

723 1695 747 1714 s.
777 1685 829 1723 76.
859 1685 942 1715 conf.
965 1685 1118 1715 Dickson.
1141 1692 1163 1714 t.
1189 1686 1239 1723 ΙΙ,
1262 1696 1292 1725 ρ,

726 1731 790 1760 383
810 1741 855 1772 sq.
872 1743 899 1762 c.
924 1738 977 1767 40.
999 1734 1060 1762 Pro
1081 1730 1226 1770 cylindro
1245 1742 1293 1760 ro-

724 1777 855 1807 tundam
885 1777 1024 1818 lapidem
1054 1778 1112 1808 vel
1138 1777 1294 1806 columnae

714 1822 938 1865 fragmentum
953 1831 1106 1854 memorat
1127 1823 1292 1853 Palladius.

724 1870 870 1900 Eundem
895 1881 988 1900 usum
1013 1869 1179 1910 praestabat
1202 1869 1294 1910 pavi-

725 1916 815 1953 cula,
848 1918 1095 1946 instrumentum
1123 1923 1214 1945 terrae
1240 1926 1295 1956 pa-

724 1962 846 1991 viendae
860 1969 891 1991 et
904 1961 1076 1991 solidandae
1089 1969 1208 2002 aptum.
1224 1963 1295 1991 Imi-

725 2015 810 2037 tatur
821 2007 909 2037 hunc
931 2008 1039 2038 Iocum
1056 2008 1229 2038 Columella
1244 2010 1271 2038 X
1286 2031 1295 2041 ,

728 2056 746 2084 3
754 2065 767 2084 1
775 2054 792 2083 8
804 2065 871 2094 sqq.
880 2077 889 2091 ‚
899 2061 929 2084 et
939 2055 1076 2095 respexit
1082 2054 1161 2084 Plin.
1172 2056 1294 2090 XVIII,

728 2111 771 2140 29
782 2124 790 2138 ,
804 2111 828 2130 ⁵.
849 2111 865 2139 7
876 2111 902 2131 1.

779 2158 852 2186 179.
883 2147 1046 2177 Verrenda
1080 2146 1130 2177 ed.
1163 2147 1294 2177 Mediol.

728 2194 909 2224 E‹·ertenda
924 2193 1074 2227 Rotteud.
1093 2204 1153 2224 sec.
