1377 2428
538 107 660 136 LIBER
684 107 740 134 IV.
1177 102 1239 137 412

48 176 192 214 Cvrene
205 200 215 217 ‚
239 170 410 207 manibus
428 166 590 216 liquidos
607 164 696 201 dant
712 161 843 198 ordine
865 162 976 197 sontis

50 217 264 277 Germanae,
287 229 474 277 tonsisque
492 226 617 263 ferunt
636 223 811 261 mantelia
828 222 936 258 villis.

49 297 137 330 Pars
158 292 277 342 epulis
299 296 454 326 onerant
473 299 637 331 mensas,
655 294 691 322 et
707 285 816 334 plena
832 291 1022 333 reponunt

50 354 187 391 Pocula
207 367 214 388 ε
232 350 422 388 Panchaeis
442 348 658 385 adolescunt
676 346 826 396 ignibus
845 358 937 390 aree,

50 416 95 450 Et
111 422 229 449 mater
247 425 254 446 :
273 428 287 443 :‹
303 413 402 460 Cape
418 408 571 446 Maeonii
588 406 779 444 carchesia
798 406 952 451 Bacchi3

1192 412 1239 435 380

51 476 203 510 Oceano
218 471 396 516 libemus,
421 487 435 501 »
452 470 514 506 ait.
532 468 651 506 Simul
668 468 750 518 ipsa
766 476 944 518 precatur

53 535 320 580 Oceanumque
336 539 481 580 patrem
500 542 627 566 rerum
638 557 647 574 ‚
667 528 938 577 Nymphasque
954 538 1102 562 sorores
1113 554 1122 570 ,

51 594 208 627 Centum
224 603 307 639 quae
329 591 457 635 silvas,
474 598 624 626 centum
640 601 723 638 quae
740 587 894 624 flumina
913 595 1073 623 servant.

52 763 81 785 et
94 762 199 795 parata
215 754 370 784 medicina
387 761 474 785 esset.
488 772 535 777 —
547 755 622 792 376.

52 804 186 836 Fontes,
214 812 335 841 nquam.
358 802 524 841 Excipitur
543 812 623 842 puer

53 848 90 878 ad
120 849 233 877 veteris
259 848 389 887 hospitii
413 848 495 876 inter
512 847 623 877 heroes

53 904 185 924 morem.
202 913 248 917 —
269 895 344 931 377.
368 893 478 923 Tomis
498 901 621 923 mante-

53 940 99 970 lia
108 939 206 976 villis,
220 941 319 977 lanea,
333 940 482 980 lanugine
494 941 530 969 in
544 940 622 969 texti

53 986 231 1027 superficie,
242 993 372 1023 attonsa,
382 985 521 1026 adeoque
533 987 623 1016 laevia

53 1043 88 1062 ac
106 1034 227 1070 tenuia,
244 1033 360 1064 mollia.

103 1080 179 1116 378.
199 1081 386 1119 Repomtnc,
406 1089 465 1118 pro
488 1078 624 1118 simplici

53 1132 180 1165 ponunt
191 1147 199 1162 ,
216 1133 252 1155 ut
266 1126 380 1166 Georg.
396 1125 452 1154 lib.
472 1126 519 1154 III
530 1147 538 1161 ‚
559 1125 620 1162 527

54 1182 173 1200 mensoe
186 1170 187 1173 ¹
200 1179 343 1212 repostae.
368 1188 415 1194 —-
438 1173 454 1200 3
463 1181 514 1210 79.
541 1172 623 1200 Tura

54 1217 241 1257 (Panchaea
260 1218 324 1247 vid.
352 1218 466 1257 Georg.
490 1216 546 1248 lib.
574 1219 622 1255 ΙΙ,

58 1274 70 1292 1
80 1263 144 1303 39)
178 1263 289 1292 ardent
317 1264 351 1291 in
382 1264 460 1298 aris3
494 1264 623 1292 transla-

1 1306 3 1318 ³
52 1317 119 1339 tum
146 1309 185 1338 ab
207 1309 372 1339 homimun
395 1308 559 1346 conviviis,
575 1310 623 1338 in·

0 1379 3 1401 ζ,
52 1357 163 1395 primis
181 1356 332 1385 festorum
349 1354 471 1384 dierum
492 1364 499 1384 :
518 1366 625 1396 perac-

0 1411 3 1418 ’
53 1404 92 1432 tis
117 1402 216 1441 epulis
244 1400 341 1430 fiebat
365 1401 485 1431 libau'o.
518 1402 557 1433 cf.
587 1402 625 1431 ad

55 1452 124 1479 AEn.
143 1451 177 1486 I,
205 1454 289 1486 704,
314 1447 524 1490 ubiflammis
545 1449 624 1478 ado-

54 1495 119 1535 lere
135 1502 283 1534 penates.
299 1494 417 1524 Actum
435 1504 563 1534 quoque
585 1495 624 1525 ad

53 1552 80 1571 e.
110 1541 132 1571 l.
151 1541 190 1570 de
220 1551 298 1570 voce
323 1541 453 1571 adolere
467 1551 478 1569 .·
496 1543 624 1582 proprie

55 1587 235 1616 adolescere
249 1594 294 1616 est
313 1589 433 1628 augeri3
453 1587 527 1616 inde
547 1599 622 1628 pro-

54 1634 122 1673 prie
138 1634 172 1662 in
182 1635 276 1662 sacris
286 1633 324 1663 de
338 1635 414 1675 igni.
426 1634 519 1663 Nunc
534 1633 624 1675 ignes

55 1679 228 1716 Panchoei,
255 1686 323 1709 tura
340 1691 380 1710 ex
395 1679 529 1717 Arabia,
544 1681 623 1710 ado-

55 1726 194 1763 lescunt,
221 1734 399 1756 cremantur
423 1727 456 1757 in
480 1727 553 1758 aris.
579 1744 624 1750 —

5 1780 7 1782 ·
56 1771 226 1801 Panchaeis
248 1773 436 1804 adolescunt
454 1773 625 1815 pinguibus

55 1818 218 1848 Mediceus
247 1829 263 1847 a
296 1830 381 1850 man.
414 1831 495 1858 sec.,
535 1820 625 1860 quasi

8 1861 10 1871 ⁴
49 1864 189 1905 pinguia
210 1865 275 1894 sint
297 1874 477 1908 unguenta,
501 1866 564 1896 fere
589 1873 625 1896 ut

8 1909 10 1913 '
56 1910 188 1940 densum
202 1910 325 1952 pingue
342 1913 457 1954 Georg.
474 1915 534 1949 111,
550 1919 624 1948 124.

9 1968 11 1973 ’
56 1956 120 1987 vid.
149 1957 259 1988 Heius.
285 1958 481 1988 Adolescenc
502 1960 626 1989 Servius

9 2022 11 2047 }
57 2003 96 2033 ad
112 2004 229 2045 Georg.
249 2007 295 2042 ΙΙ,
317 2005 390 2044 139.
408 2004 526 2034 Sabaeis
538 2005 623 2035 Leid.

10 2079 11 2082 ,
59 2050 133 2080 Alae
158 2050 286 2092 Menag.
319 2068 366 2074 —
397 2052 472 2082 380.
507 2051 629 2081 Bacchi

59 2096 195 2130 Maeonii
204 2120 212 2134 ‚
229 2098 301 2126 vini‘
319 2096 422 2137 Lydii,
437 2098 553 2128 Tmolii
578 2109 628 2128 su-

61 2154 117 2183 pra
131 2144 247 2183 Georg.
264 2146 306 2180 II,
329 2144 370 2183 98
383 2166 391 2180 ,
405 2154 463 2183 pro
477 2151 626 2184 praestan-

61 2191 141 2220 tiore
167 2191 234 2219 vini
257 2200 379 2231 genere.
398 2191 477 2220 Nam
503 2191 626 2221 Catace-

61 2238 267 2267 caumenium-
294 2238 404 2267 vinum
427 2237 626 2278 geographis,

676 765 742 785 non
770 755 889 796 poetiS,
911 759 1022 782 nouun
1043 762 1050 782 :
1069 764 1098 781 v.
1120 751 1243 781 Strabo.

676 802 774 839 XIII,
804 811 873 841 pag.
908 800 971 839 931
1009 806 1089 828 extr.
1116 798 1246 827 Carche-

675 847 753 876 sl'ttm
787 858 840 876 vas
873 846 1067 887 oblongum,
1092 851 1244 874 ansatum.

675 894 738 923 vid.
751 892 939 924 Athaeneum
956 895 1004 922 XI
1016 915 1024 928 ‚
1041 901 1111 932 pag.
1131 896 1195 928 474
1210 893 1245 920 E.

675 941 774 970 Docta
797 939 835 969 de
861 950 898 968 eo
921 938 1090 978 disputatio
1112 948 1160 977 ap.
1178 938 1247 966 Ma—

677 987 763 1016 crob.
786 989 835 1023 V,
859 996 911 1015 21.
937 1002 982 1007 —
1003 985 1079 1014 381.
1106 985 1246 1015 Oceano,

676 1034 794 1074 qnippe
811 1032 975 1062 communi
986 1032 1130 1061 omnium
1145 1029 1247 1058 flumi-

676 1090 755 1109 num
778 1086 808 1109 et
835 1079 971 1108 fontium
992 1079 1084 1118 patri.
1107 1075 1196 1106 Iliad.
1215 1086 1248 1115 φ,

683 1126 744 1165 195
761 1137 828 1165 sqq.
846 1132 876 1154 et
900 1124 983 1154 alibi.
1002 1125 1070 1153 Diis
1098 1132 1182 1152 sacra
1207 1122 1249 1151 fa-

678 1174 766 1201 ciunt
789 1172 841 1201 ah‘i
864 1171 907 1200 dii
933 1171 1025 1200 etiam
1052 1169 1140 1205 alibi,
1156 1169 1248 1197 etiam

676 1220 710 1248 in
738 1217 923 1258 anaglyphis
952 1217 1089 1257 antiquis
1110 1215 1249 1244 minores

676 1265 868 1301 majoribus3
884 1263 916 1293 h.
945 1263 966 1292 l.
990 1264 1082 1292 etiam
1101 1261 1249 1302 Nympha

676 1310 754 1340 libat
771 1309 939 1350 Nymphis,
955 1308 1031 1337 dum
1052 1318 1162 1348 preces
1185 1308 1248 1347 Cy-

677 1367 752 1386 rene
777 1356 850 1385 facit
873 1355 911 1385 ad
924 1358 1086 1386 Oceanum
1105 1360 1136 1384 et
1149 1355 1250 1394 Nym-

677 1403 753 1443 phas
777 1402 944 1442 placandas
971 1400 1059 1438 filio,
1085 1401 1140 1441 qui
1165 1399 1255 1440 flagi-⁴

678 1450 722 1479 tio
738 1450 772 1479 in
793 1448 975 1489 Eurydicen
990 1449 1158 1477 commisso
1171 1447 1252 1478 iram

676 1500 782 1526 earum
792 1496 826 1524 in
836 1506 867 1524 se
886 1501 1110 1525 commoverat.
1120 1495 1203 1525 Mox
1220 1507 1251 1525 v.

678 1544 742 1573 382
768 1544 912 1573 Oceanus
937 1548 982 1571 est
999 1549 1100 1581 pater
1122 1551 1250 1571 rerum:

676 1596 712 1618 ut
735 1587 812 1618 adeo
837 1589 969 1618 omnino
991 1595 1113 1618 naturae
1138 1599 1251 1628 parens

675 1635 727 1664 ille
741 1634 860 1664 edatur.
880 1636 950 1664 Hoc
964 1635 1117 1676 Virgilius
1133 1646 1201 1665 non
1211 1647 1250 1665 ex

676 1683 827 1717 Homero,
844 1681 899 1709 sed
924 1692 964 1711 ex
988 1684 1089 1722 poetis
1113 1681 1252 1722 philoso-

676 1728 822 1768 phemata
844 1727 1083 1758 decantantibus
1094 1751 1102 1765 ‚
1112 1728 1250 1758 hausisse

677 1774 779 1803 videri
797 1773 901 1804 debet.
917 1777 987 1814 Ipsa
1009 1775 1093 1804 enim
1119 1775 1188 1804 loca
1209 1785 1249 1804 ex

679 1818 826 1860 Orphicis
845 1828 876 1850 et
890 1821 1013 1851 cratete
1032 1822 1104 1850 satis
1121 1821 1249 1856 docent,

677 1874 749 1907 post
765 1869 937 1897 Homerum
952 1867 1028 1897 alios
1039 1891 1047 1904 ‚
1068 1869 1121 1907 qui
1135 1867 1168 1897 id
1177 1877 1251 1907 pro-

679 1913 833 1949 diderant,
845 1914 980 1954 Virgilio
995 1913 1058 1943 hoc
1073 1913 1251 1955 suppedita-

679 1970 711 1989 re
739 1960 887 2000 potuisse.
909 1976 954 1982 —·
974 1961 1050 1991 383.
1080 1959 1248 2001 Nymphae,

680 2017 801 2036 sorores
824 2006 961 2046 Cyrenes
987 2006 1124 2047 generali
1147 2008 1252 2037 notio-

680 2063 738 2089 ne,
756 2052 794 2082 ab
815 2054 942 2082 Oceano
963 2064 1062 2094 genus
1087 2053 1249 2088 ducentes,

680 2106 716 2128 ut
732 2100 798 2139 ipsa
817 2099 940 2139 Cyrene
951 2122 959 2136 ‚
976 2100 1096 2140 Hypsei
1112 2099 1133 2130 f.
1150 2099 1190 2130 cf.
1211 2098 1250 2128 ad

681 2155 710 2174 v.
730 2146 771 2181 34
780 2155 806 2175 1.
824 2146 966 2182 Servant,
980 2147 1135 2183 incolunt,
1147 2153 1183 2176 ut
1196 2156 1251 2174 sae-

679 2201 719 2230 pe
748 2197 849 2231 poetae
879 2191 937 2222 inf.
963 2203 994 2222 v.
1030 2193 1094 2234 459
1117 2192 1251 2232 hydrum

679 2245 853 2268 servantem
873 2239 969 2280 ripas.

1027 2302 1092 2338 35*
