1408 2428
602 84 723 115 LIBER
748 85 789 115 11.

1230 80 1294 118 25⁴.)

100 142 253 176 Summa
270 149 373 189 pete,
393 150 457 177 aut
475 152 619 177 summa
637 141 825 191 destringe
842 153 889 177 ex
907 139 1043 177 arbore
1060 139 1223 190 planta53
1246 147 1291 169 300

99 203 238 237 Tantus
255 213 360 237 amor
378 204 504 238 terrae!
522 214 597 238 neu
614 203 715 238 ferro
737 202 832 239 laede
852 210 980 237 retuso

100 262 269 310 Semina3
285 275 388 299 neve»
399 262 490 299 oleae
507 261 687 301 silvestris
705 263 828 300 insere
843 272 1009 307 truncos.

99 465 183 490 sese,
208 454 318 484 umbra
332 454 390 484 vel
407 455 584 493 densitate,
615 464 664 486 ac-

100 512 160 542 que
179 500 329 530 alimenti
347 502 463 541 rapina
473 520 519 525 ——
531 502 608 532 vici-s
620 521 666 526 —-

101 547 169 577 odic
191 555 223 576 ec
241 547 400 585 corylum3
427 548 463 577 ni
475 550 591 588 procul
611 550 665 578 ab·

99 594 162 622 sinc
171 616 179 629 ,
201 593 296 622 tristis
311 601 344 622 et
357 604 455 635 (egra.
471 613 517 617 -
536 596 666 635 Cotjrlos

100 642 175 680 Reg.
197 640 337 669 Martini.

147 697 227 726 299,
253 687 328 716 300.
353 686 500 727 Flagella
521 694 596 717 sunt
618 687 665 717 vi-

99 740 179 762 tium
194 742 355 762 minorum
370 740 600 763 sarmentorum
617 744 666 763 ca-

98 781 182 819 pita,
211 780 246 808 in
272 779 389 818 quibus
412 790 475 808 uva
503 781 663 817 nascitur3

98 826 216 863 majora
240 825 342 864 capita
363 832 447 855 sunt.
469 826 582 856 Palmae
607 837 663 856 seu

97 871 252 912 palmites.
263 873 353 901 Varr.
365 872 390 906 I,
404 872 420 900 3
430 882 456 907 1,
468 873 497 901 3.
510 872 591 902 Cum
600 874 666 913 ipse

96 920 262 948 vinearum
287 917 492 947 colendarum
512 920 667 948 rationem

97 964 181 994 haud
201 963 347 1001 calleam,
374 974 530 1004 apponam
551 965 665 994 verbo-

98 1021 170 1040 rum
179 1011 374 1045 senteutiam,
387 1020 450 1039 una
459 1021 531 1039 cum
541 1010 667 1040 indiciis

97 1067 227 1092 eorum,
252 1057 309 1096 qui
330 1057 430 1096 ipsam
448 1063 547 1086 artem
568 1057 665 1097 profi-

97 1110 214 1133 tentur.
232 1103 299 1131 Aut
320 1109 491 1142 utrumque
503 1125 510 1139 ,
519 1103 664 1145 flagella

96 1159 221 1178 summa
241 1156 371 1188 petere,
395 1155 426 1178 et
444 1149 564 1188 planta
582 1160 664 1179 sum-

95 1206 149 1225 ma
162 1206 204 1224 ex
217 1195 327 1225 arbore
339 1194 544 1236 destringere,
560 1207 663 1226 unum

94 1242 240 1282 idemque
265 1248 329 1278 est,
358 1249 413 1271 aut
437 1249 512 1271 sunt
529 1242 594 1271 duo
617 1243 663 1271 di-

93 1299 191 1318 versa.
218 1289 250 1319 Si
274 1295 446 1328 utrumque
467 1296 661 1329 praeceptum

93 1335 226 1365 eandem
240 1345 306 1364 rem
322 1334 461 1363 declarat
477 1344 484 1364 ε
501 1335 660 1371 surculos,

94 1391 174 1421 quos
193 1379 328 1422 deligere
341 1380 437 1417 velis,
465 1391 531 1410 non
553 1392 593 1410 ex
611 1392 663 1410 su-

93 1428 217 1467 periore
235 1428 308 1456 vitis
325 1433 414 1466 parte
429 1426 582 1466 petendos
598 1437 662 1457 esse

93 1475 135 1502 ait
147 1482 154 1503 :
166 1473 277 1502 melius
292 1473 376 1502 enim
390 1474 585 1512 proveniunt
597 1484 663 1502 sur-

93 1520 158 1548 culi
171 1530 211 1548 ex
221 1518 425 1548 inferioribus
437 1519 510 1548 vitis
519 1518 661 1559 partibus

92 1567 207 1595 sumti:
224 1566 343 1594 Tantus
354 1575 448 1593 amor
458 1572 566 1602 cerr-ce,
583 1564 660 1595 adeo

92 1622 203 1653 magna
214 1634 222 1648 ‚
248 1611 382 1640 notabili
399 1611 505 1650 aliqua
525 1621 659 1641 consue-

90 1659 203 1689 tudine
216 1657 338 1687 telluris
351 1663 498 1686 tenentur
511 1657 573 1686 illae
584 1657 661 1687 infe-

90 1706 189 1735 riores
204 1711 324 1744 partes‚
341 1710 378 1732 ut
395 1703 548 1733 laetiorem
569 1703 662 1734 uber-

91 1759 186 1782 tatem
211 1750 250 1779 ab
274 1751 328 1786 iis,
353 1760 449 1789 quam
472 1760 511 1779 ex
530 1752 660 1780 summis

90 1798 252 1839 partibus,
271 1803 453 1836 exspectare
475 1797 586 1836 possis.
617 1799 662 1827 At

91 1845 144 1874 alii
170 1854 244 1874 cum
266 1844 407 1874 Martino
426 1842 467 1872 ad
495 1842 560 1872 duo
580 1854 659 1883 prae-

91 1897 180 1931 cepta
198 1890 308 1920 locum
325 1889 492 1930 redigunt:
504 1889 638 1919 alterum
647 1913 656 1925 ,

90 1936 180 1977 quod
210 1936 383 1978 posteriore
407 1935 479 1964 loco
505 1945 659 1966 memora-

92 1990 159 2020 tur,
188 1982 334 2012 surculos
363 1992 405 2010 ex
437 1991 561 2010 summa
589 1983 660 2012 vitis

89 2035 178 2069 parte
210 2038 277 2058 non
305 2038 369 2057 esse
395 2026 548 2068 petendos
574 2037 581 2058 ε
605 2036 663 2058 auc

35 2069 44 2076 ¹
89 2075 209 2116 (nunc
238 2074 297 2104 erit
324 2084 384 2114 pro
412 2076 502 2112 nec)
537 2084 661 2104 summa

89 2121 251 2162 destringe
265 2131 307 2150 etz:
321 2120 432 2150 arbore
443 2120 577 2160 plancas
587 2133 599 2157 ‚·
622 2122 661 2151 al-

89 2175 204 2205 terum,
214 2169 357 2209 ipsorum
369 2167 572 2197 surculorum
581 2178 665 2198 sum-

90 2224 174 2246 mam
188 2222 311 2257 partem
329 2224 395 2244 esse
410 2213 639 2254 aspernandam
654 2225 661 2246 :

721 455 907 498 neflagella
922 464 1047 487 summa
1055 462 1131 494 pecc
1142 477 1149 490 ‚
1164 454 1195 483 h.
1207 465 1290 483 sum-

720 512 802 531 mam
817 512 927 531 eorum
943 508 1064 541 partem
1075 524 1083 538 ,
1104 511 1227 529 summa
1244 511 1291 529 ca-

720 549 866 585 cumina3
892 558 963 588 quae
987 548 1151 577 communi
1173 547 1289 576 vinito-

720 605 790 624 rum
810 604 870 623 usu
892 594 995 624 solent
1009 593 1107 623 recidi
1131 600 1161 623 et
1182 593 1288 630 rejici,

720 647 868 680 tanquam
891 651 1004 680 parum
1031 639 1140 674 firma,
1164 646 1194 668 et
1213 637 1289 668 dum

719 687 886 728 spongiosa
924 688 1051 716 corticis
1088 684 1290 715 mollitudine

718 733 885 763 humorem
897 734 991 763 nimis
1001 732 1090 762 facile
1104 731 1286 769 admittunt,

718 780 892 809 luxuriosa.
911 779 959 809 Cf.
978 779 1102 809 Colum.
1128 779 1194 814 ΙΙΙ,
1229 788 1268 807 10
1280 801 1288 813 ‚

723 832 808 861 1—4
824 831 856 855 et
870 835 938 865 sqq.
963 826 1103 865 Respicit
1117 823 1149 854 h.
1168 824 1189 854 l.
1208 824 1288 854 Plin.

720 873 836 909 XVII,
855 878 894 907 14
907 894 915 908 ‚
934 883 958 901 S.
977 877 1019 907 24
1037 869 1188 911 Virgilius
1205 880 1222 898 e
1238 881 1290 899 ca-

720 918 847 947 cumine
865 915 962 947 inseri
974 924 1087 952 mecam
1106 927 1164 946 nec
1185 922 1289 946 tamen

719 972 812 1004 poeta
834 971 958 993 tantum
980 963 1018 993 de
1035 964 1184 992 insitione
1204 964 1289 1003 cogi-

720 1011 816 1040 tabat.
828 1027 874 1033 --
886 1011 962 1040 300.
976 1012 1107 1039 Summa
1116 1016 1198 1049 puta
1214 1019 1287 1039 con-

717 1058 834 1094 jecerat
844 1057 952 1086 Heius.
965 1057 1044 1086 male
1054 1067 1062 1093 3
1074 1066 1141 1085 non
1155 1057 1239 1085 enim
1250 1055 1289 1084 de

717 1104 883 1143 putatione
897 1103 949 1132 hic
968 1104 1081 1143 agitur.
1096 1119 1142 1125 -—-·
1158 1100 1288 1143 Defiin-

714 1160 756 1190 ge
771 1149 888 1180 Medic.
900 1156 931 1179 et
946 1150 1042 1179 ceteri
1055 1149 1288 1189 praestantiores

718 1206 831 1235 magna
848 1207 889 1226 ex
905 1203 993 1236 parte
1005 1219 1013 1233 ‚
1031 1205 1110 1235 quos
1135 1201 1287 1234 sequutus

718 1244 836 1272 Potter.
849 1244 888 1271 In
903 1242 970 1271 aliis
989 1241 1154 1281 distringe.

765 1290 806 1318 30
816 1299 842 1325 r,
855 1290 932 1318 302.
950 1290 997 1318 De
1007 1288 1068 1317 hoc
1080 1292 1240 1327 praecepto
1257 1297 1287 1317 v,

718 1335 842 1365 Colum.
861 1337 919 1371 IV,
940 1341 993 1371 24,
1013 1345 1067 1370 21,
1087 1333 1285 1363 22.—-302.

718 1381 861 1416 Semina,
880 1381 1012 1417 surculi,
1028 1386 1200 1415 sarmenta,
1218 1389 1288 1419 quae

716 1428 812 1457 modo
836 1427 974 1467 plancae.
993 1444 1038 1448 ——
1064 1427 1128 1456 302
1148 1443 1195 1447 —-
1210 1426 1285 1460 314.

716 1475 782 1504 Nec
799 1474 911 1508 insere,
931 1483 955 1502 s.
972 1474 1123 1501 intersere
1135 1471 1287 1501 oleastros

714 1519 798 1549 inter
814 1520 911 1556 vites;
930 1519 1005 1558 quia
1022 1518 1171 1558 tanquam
1187 1518 1285 1558 spissa

715 1572 746 1594 et
768 1566 895 1606 pinguis
919 1565 1014 1594 arhor
1037 1564 1096 1605 (v.
1123 1563 1285 1604 Theophr.

715 1613 796 1642 Hist.
812 1612 912 1642 Plant.
930 1612 971 1647 V,
995 1621 1033 1640 10
1047 1608 1160 1640 πυκνὸν
1179 1606 1233 1641 καὶ
1243 1613 1287 1640 λι-

714 1656 813 1700 παρὸν
830 1657 860 1698 ),
886 1657 976 1687 facile
999 1658 1105 1697 ignem
1135 1657 1286 1696 concipit,

715 1712 746 1734 et
776 1704 927 1734 incendio
957 1704 1020 1733 late
1053 1714 1161 1743 sparso
1187 1709 1286 1732 totam

714 1752 840 1781 vineam
855 1756 964 1780 vastat.
983 1749 1069 1779 Male
1084 1749 1136 1778 hic
1153 1748 1193 1778 de
1210 1749 1286 1778 insi-

715 1799 801 1828 tione
818 1798 959 1827 olearum
985 1795 1144 1836 cogitabat
1161 1795 1286 1825 Victor.

715 1844 755 1873 ad
772 1846 910 1873 Vax-ron.
930 1845 954 1879 I,
974 1849 1027 1879 4ο,
1047 1843 1137 1877 4.De
1152 1841 1286 1871 oleastro

715 1891 792 1920 oleis
807 1890 995 1930 interposito
1012 1888 1158 1924 Sabinus,
1174 1897 1286 1927 perpe-

715 1948 793 1967 ram.
820 1937 941 1966 Mirum
966 1935 1007 1964 ad
1037 1940 1217 1964 nostrarum
1242 1935 1286 1962 vi-

715 1994 846 2013 nearum
871 1983 1026 2011 rationem
1051 1980 1154 2010 videri
1179 1979 1284 2016 debet,

714 2031 749 2059 in
774 2030 866 2058 vinea
887 2028 981 2057 talem
1004 2033 1167 2068 pastorum
1197 2027 1287 2056 incu-

715 2077 793 2105 riam
815 2075 924 2105 locum
945 2074 1061 2103 habere
1082 2074 1238 2114 potuisse3
1256 2079 1288 2102 at

716 2124 751 2151 in
770 2122 867 2151 Italiae
890 2122 992 2150 vineis
1016 2131 1071 2150 seu
1098 2119 1234 2149 arbustis
1257 2126 1288 2148 te

717 2169 835 2199 versari
859 2169 987 2208 cogites.
1011 2178 1042 2197 V.
1073 2166 1154 2196 Plin.
1178 2166 1287 2202 XVII,

720 2216 773 2254 23,
789 2226 813 2246 S.
834 2215 887 2253 35,
907 2225 961 2245 22.
981 2214 1129 2245 Ceterum
1143 2213 1233 2243 locus
1249 2221 1290 2241 ex
