1408 2428
611 96 730 125 LIBER
757 96 780 124 I.

1212 97 1287 132 ,1815

106 158 261 195 Insidias
278 156 409 193 avibus
428 154 570 199 moliri,
587 153 786 190 incendere.
802 166 955 203 vepres,

103 220 372 266 Balantumque
391 228 541 265 gregem
557 214 672 249 fluvio
690 227 853 250 mersare
872 213 1025 250 salubri.

104 282 211 328 Saepc
231 279 313 314 oleo
334 275 430 313 tardi
450 284 569 311 costas
590 273 751 323 agitator
772 275 872 311 aselli

101 339 247 375 Vilibus
268 347 332 375 aut
351 344 482 373 onerat
502 335 643 384 pomi5‚
664 335 901 384 lapidemque
922 344 1114 372 revertens

102 401 294 442 Incusum,
316 404 380 432 aut
396 405 485 432 atrae
506 407 663 430 massam
685 395 796 442 picis,
818 394 913 431 urbe
933 404 1112 445 reportat.
1243 406 1290 436 275

154 462 240 506 Ipsa
260 456 337 493 dies
358 456 449 492 alios
470 452 542 490 alio
563 453 665 489 dedit
682 454 813 490 ordine
830 457 935 491 Luna

101 600 263 629 emittitur.
282 600 324 628 Ut
342 599 375 627 in
398 600 583 628 sententiam
598 601 666 629 Ma-

101 646 202 675 crobii
221 644 340 673 dictum
359 652 415 679 Sit,
434 645 472 673 de
486 656 565 685 aqua
585 648 667 685 cogi-

102 691 244 726 tandum,
260 701 330 730 qum
345 698 380 719 ut
396 702 453 730 per
471 698 595 730 pratum
615 692 668 720 de-

101 738 234 766 ducatur
249 760 257 773 ,
291 747 330 765 ne
362 738 410 765 via
438 737 668 776 praecludatur,

100 783 247 813 sordibus
287 782 449 822 purganda
491 789 545 811 est.
585 784 668 812 conf.

100 832 187 859 Serv.
211 829 249 857 ad
267 839 343 865 272.
368 827 501 868 Relligz'o
524 828 672 867 prohibet

102 877 172 905 Urs.
190 892 235 896 ——
256 875 366 913 Sepem
397 875 489 902 etiam
517 874 569 902 hic
600 874 668 910 aliig

101 931 188 960 sepes
215 920 323 959 fragm.
344 920 458 949 Moret.
483 937 527 941 —-
549 922 668 960 Quam-

103 977 201 1006 quam
215 965 382 1007 Pontifices
400 974 518 1006 negent
531 974 667 1007 segetem

95 1012 190 1052 seriis
211 1010 305 1052 sepiri
317 1011 444 1048 debere,
457 1012 631 1041 Columella
647 1013 667 1042 l.

103 1059 124 1088 l.
138 1076 182 1081 ——
191 1068 229 1095 27
240 1069 266 1088 1.
281 1057 420 1086 Insidias
430 1057 536 1087 avibus
549 1058 668 1095 moliri3

103 1112 139 1134 ut
169 1104 309 1144 reliquiis
343 1111 587 1133 consentaneum
619 1106 668 1141 sit,

103 1149 142 1179 de
164 1150 274 1180 avibus
292 1149 508 1190 praedantibus
531 1158 562 1179 et
581 1152 669 1180 noci-

104 1199 150 1225 vis
166 1197 314 1237 intellige.
330 1207 461 1234 —272.
476 1198 593 1237 Greges
603 1198 670 1226 Ma-

103 1243 192 1272 crob.
212 1244 257 1271 III
267 1265 275 1278 ‚
295 1244 324 1271 3.
339 1258 385 1264 --
397 1243 531 1271 Versare
544 1243 666 1272 Zulich.

103 1289 193 1319 male.
209 1288 370 1317 —Fluvio
397 1288 526 1318 salubri.
544 1288 583 1317 cf.
610 1288 666 1317 inf.

104 1336 162 1371 ΙΙΙ,
182 1335 246 1371 445
271 1345 338 1373 sqq.
365 1335 539 1374 Argutatur
558 1335 594 1362 in
611 1335 668 1363 hac

103 1390 181 1409 voce
200 1380 317 1417 adjecta
332 1379 476 1408 Macrob.
493 1381 554 1409 Sat.
571 1382 596 1415 Ι,
619 1380 670 1414 16,

104 1436 135 1464 p.
156 1426 232 1463 278.
255 1426 323 1464 Bip.
347 1425 435 1454 Idem
454 1426 522 1460 ΙΙΙ,
545 1426 561 1453 ’ὁ
588 1433 669 1454 extr.

109 1472 244 1500 (Σαυρίαν
255 1469 339 1498 enim
355 1469 388 1498 in
400 1469 475 1510 jure
491 1469 667 1512 Pontificio,

107 1524 194 1546 ιιι-
202 1515 297 1558 sestis
311 1516 418 1545 diebus
426 1516 609 1557 purganda?
622 1517 669 1546 la-

107 1573 157 1592 nae
183 1561 292 1604 gracia
316 1572 385 1591 oves
414 1562 522 1591 lavare
546 1573 609 1591 non
636 1563 670 1591 li-

107 1616 200 1644 ceac‚·
214 1608 311 1638 liceat
326 1616 430 1637 autem
441 1631 448 1645 ‚
463 1607 490 1636 si
505 1608 670 1637 curatione

107 1654 226 1684 scabies
253 1653 415 1683 abluenda
444 1653 501 1690 sit;
517 1653 588 1683 ideo
613 1653 671 1683 Ιιοε

108 1711 232 1741 quoque
247 1700 331 1730 inter
338 1710 486 1730 concessa
497 1700 674 1730 numeravit

108 1747 335 1786 Balantumque
352 1757 458 1788 greges
476 1745 576 1775 fluvio
592 1757 671 1776 mer-

109 1803 194 1830 sare3
211 1793 298 1833 quod
311 1792 338 1820 si
352 1792 511 1832 hucusque
528 1791 669 1828 dixisset,

110 1838 197 1868 licita
216 1846 246 1868 ec
266 1838 370 1868 vetita
386 1837 589 1879 confuderat,
608 1838 673 1874 sed,

110 1883 291 1924 adjiciendo
304 1884 432 1922 salubri,
448 1894 594 1913 caussam
605 1895 676 1913 con-

111 1941 205 1959 cessae
215 1926 384 1959 ablutionis
393 1929 555 1970 expressit.
572 1931 610 1960 cf.
621 1931 677 1959 Co-

111 1977 189 2006 lum.
207 1976 227 2005 l.
242 1975 263 2005 l.
277 1975 297 2016 §
310 1986 326 2005 2
338 1977 459 2012 3Varr0
475 1986 523 2015 ap.
535 1977 678 2005 Servium

115 2021 154 2050 ad
172 2022 203 2051 h.
219 2022 241 2051 l.

161 2078 200 2105 27
209 2069 225 2097 3
237 2084 282 2090 ——-
294 2067 453 2104 275.Haec
464 2077 503 2099 ex
515 2066 680 2096 duriorum

113 2113 370 2154 patrumfamilias
395 2114 533 2149 ratione,
557 2120 593 2142 ut
624 2114 680 2144 Ca-

111 2161 217 2196 tonis,
234 2170 261 2189 c.
280 2157 354 2189 13'8.
371 2169 401 2190 v.
419 2160 542 2195 Colum.
559 2163 609 2198 II,
627 2172 680 2199 22,

119 2208 147 2236 5.
163 2206 246 2236 Vilia
259 2216 359 2246 poma
373 2205 525 2235 dicuntur
541 2207 579 2237 ad
598 2219 680 2249 mag-

721 609 792 628 nam
807 600 930 637 copiam
949 596 1168 627 denotandam.
1187 598 1236 626 Sic
1259 608 1284 625 v,

725 657 785 683 227
804 644 1022 685 vilisfaselus.
1042 643 1138 683 Lapis
1155 643 1291 677 incusas,

723 694 787 721 sive
802 690 887 720 rudis
895 713 903 727 ‚
914 699 1002 730 asper
1010 713 1017 726 ‚
1029 691 1093 718 sive
1102 699 1195 718 cusus
1205 696 1235 718 et
1244 690 1293 718 in-

725 739 816 766 cisus.
833 739 880 766 De
895 737 977 765 mola
990 735 1126 764 manuali
1142 735 1206 764 fere
1219 737 1297 764 acci·
1314 744 1318 747 ·

725 785 812 823 pitur
835 789 906 822 post
938 782 1091 811 Servium.
1117 781 1180 810 Pisc
1204 783 1297 810 variis

726 829 834 857 usibus
875 828 1041 867 agrestium
1074 828 1207 856 inservit
1221 850 1228 863 ‚
1261 834 1297 856 ut

724 875 834 904 mustis
859 872 1057 908 condiendis,
1079 879 1138 902 etc.
1159 874 1295 903 Notetur

724 928 754 950 et
775 921 825 949 illa
843 920 944 949 forma
959 929 965 948 :
984 917 1125 959 agitator
1143 918 1237 948 aselli
1249 936 1295 941 -—

724 975 852 1002 onerat,
870 977 928 1006 pro
949 965 1082 1005 agricola
1099 974 1106 994 :
1124 975 1219 1004 quem
1237 976 1294 1004 po-

724 1024 773 1042 ma
796 1014 829 1041 in
848 1012 960 1041 urbem
984 1012 1107 1040 mittere
1131 1010 1294 1045 dicturus,

724 1060 874 1100 quoniam
897 1057 982 1087 aselli
1002 1067 1097 1097 opera
1120 1058 1155 1086 in
1173 1067 1210 1086 eo
1234 1058 1295 1085 uti—

724 1112 777 1135 tur
790 1128 798 1141 ‚
816 1104 1004 1145 agitatorem
1025 1102 1109 1132 asini
1129 1110 1221 1143 poeta
1241 1114 1294 1142 ap-

724 1151 819 1191 pellat
839 1174 846 1187 ‚
877 1161 942 1179 non
976 1151 1060 1179 enim
1091 1149 1129 1178 de
1162 1150 1294 1179 asinario

725 1199 796 1238 agit.
813 1198 960 1227 Ceterum
980 1206 1018 1224 ex
1036 1207 1064 1225 v.
1082 1201 1146 1233 274
1164 1196 1227 1233 275
1246 1206 1296 1234 pa-

725 1250 768 1272 tet
780 1266 787 1279 ‚
809 1243 923 1272 feriatis
939 1241 1050 1280 diebus
1066 1243 1158 1270 etiam
1179 1251 1295 1270 merca-

724 1296 774 1317 tus
788 1291 821 1317 in
830 1288 964 1316 urbibus
978 1286 1100 1316 habitos
1116 1298 1180 1316 esse
1191 1309 1199 1323 ‚
1210 1286 1295 1315 unde

725 1346 763 1363 ex
780 1333 981 1362 venditorum
1003 1342 1171 1371 pomorum
1192 1333 1294 1372 pretio

724 1381 827 1420 picem
844 1386 873 1408 et
889 1377 1023 1418 lapidem
1038 1388 1145 1417 parare
1161 1378 1295 1418 agricola

725 1432 838 1465 posset.
867 1425 905 1454 cf.
928 1425 1080 1452 Varronis
1107 1424 1215 1453 locum
1244 1434 1292 1463 ap.

723 1476 808 1503 Serv.
828 1470 866 1499 ad
884 1471 960 1508 275.
974 1487 1019 1492 -—
1036 1470 1112 1507 275.
1130 1471 1294 1498 Incassum

723 1521 856 1548 Roman.
895 1515 981 1545 Med.
1018 1526 1092 1544 cum
1122 1515 1292 1555 plerisque.

723 1565 836 1602 Sicque
848 1561 921 1591 Ald.
938 1572 985 1601 pr.
1006 1568 1036 1590 et
1051 1572 1112 1591 sec.
1127 1568 1157 1590 at
1169 1563 1293 1601 Nauger-

724 1610 758 1638 in
790 1609 879 1637 tertia
904 1608 1044 1646 reposuit
1064 1607 1216 1637 incusum.
1249 1624 1294 1628 -

725 1657 889 1684 Incassum
914 1655 995 1683 Ven.
1010 1670 1055 1675 —-
1068 1652 1199 1682 incisum
1224 1654 1294 1692 qui-

726 1701 796 1730 dam
807 1723 815 1737 ,
825 1701 915 1740 lapsu
931 1699 1050 1728 calami.

774 1746 965 1784 276—-286.
990 1746 1090 1774 Etiam
1116 1744 1180 1774 dies
1205 1745 1296 1774 luna-

727 1804 776 1822 res
793 1791 1004 1821 observandos
1022 1802 1086 1820 esse
1107 1790 1185 1820 dicit
1200 1800 1207 1820 ζ
1232 1801 1297 1819 esse

728 1840 812 1868 enim
830 1838 906 1867 alios
926 1837 1058 1873 faustos,
1083 1837 1121 1866 ad
1150 1846 1230 1876 opus
1253 1836 1296 1864 fa-

730 1884 877 1914 ciendum
899 1883 980 1923 (hoc
1006 1889 1066 1918 est,
1082 1882 1198 1923 felices
1223 1891 1296 1921 ope-

731 1930 839 1970 rum),
865 1930 941 1959 alios
967 1928 1130 1958 infaustos.
1149 1928 1298 1967 Sequitur

732 1983 835 2006 autem
864 1974 1120 2014 superstitionem
1147 1972 1296 2009 Hesiodi,

732 2032 839 2050 versus
849 2020 947 2050 finem
961 2022 1056 2059 Oper.
1076 2027 1107 2049 et
1127 2020 1214 2050 Dier.
1233 2019 1298 2056 765

732 2078 816 2107 sqq„
834 2073 888 2096 aut
908 2066 1014 2106 potius
1033 2067 1208 2097 Democriti
1222 2065 1302 2105 (suit

735 2115 818 2142 enim
830 2113 911 2142 liber
926 2113 992 2150 ejus
1011 2111 1049 2141 de
1064 2115 1102 2143 R..
1117 2115 1156 2143 R.
1166 2121 1301 2156 γεωργι-

735 2158 786 2189 κὸν
799 2183 806 2195 ,
833 2159 970 2188 Varroni
998 2166 1030 2188 et
1055 2158 1238 2188 Columellae
1267 2166 1303 2185 ac

710 2213 713 2215 '
735 2206 838 2235 Plinio
855 2204 1016 2241 laudatu53
1034 2204 1072 2234 de
1087 2215 1125 2234 eo
1146 2203 1211 2233 vid.
1228 2205 1303 2233 Pro-
