1408 2428
594 65 764 95 ECLOGA
790 65 830 94 11.
1266 74 1307 101 27

111 125 158 159 Et
174 122 229 159 sol
245 120 447 158 crescentis
466 120 650 157 decedens
665 120 831 170 duplicat
848 120 1000 158 umbras
1018 134 1027 156 ε

109 184 175 217 Me
191 190 314 218 tamen
330 181 406 218 urit
421 194 526 217 amor
533 196 543 227 3
561 180 643 230 quis
660 180 757 216 enim
772 180 905 217 modus
923 181 1018 217 adsit
1035 179 1177 217 amori?

109 242 171 277 Ah
188 242 385 291 Corydon,
402 240 581 289 Corydon
592 268 601 285 ,
618 253 702 289 qnae
718 249 754 276 te
771 240 957 276 dementia
975 240 1091 290 cepit!

111 302 344 351 Semiputata
360 300 429 337 tibi
447 301 625 336 frondosa
641 300 727 336 vitis
744 300 781 335 in
798 300 900 336 ulmo
916 309 981 337 est.
1281 316 1311 340 7·

111 362 213 406 Quin
231 372 271 398 tu
290 362 431 411 aliquid
447 362 576 397 saltem
589 389 597 405 ‚
616 361 741 410 potius
758 373 920 410 quornm
936 359 1077 410 indiget
1093 372 1201 405 usus,

109 419 324 457 Yiminibns
340 421 518 470 mollique
536 434 646 470 paras
664 421 840 457 detexere
852 420 994 469 junco?

110 483 282 519 Invenies
300 483 432 528 alium,
450 483 480 518 si
497 491 532 519 te
548 482 609 519 hic
626 482 787 527 fastidit,
804 480 951 517 Alexin.

102 618 222 647 pensa,
236 609 363 638 inverso
373 619 517 644 vomere,
533 614 569 637 ut
581 608 685 638 solum

107 662 250 692 verrant,
268 662 433 695 protracta.
452 657 562 685 Horat.
584 655 683 694 Epod.

106 702 154 736 ΙΙ,
181 701 223 729 63
252 701 364 730 videre
384 700 490 741 fissos
518 711 683 730 vomerem

106 746 260 776 inversum
290 747 380 776 boves
412 748 494 776 collo
521 747 682 776 trahentes

106 792 271 833 languido.
291 794 387 823 Color
402 793 518 822 horum
533 803 681 821 versuum

105 839 222 878 petitus
246 850 285 869 ex
309 839 443 868 Theocr.
472 839 518 873 ΙΙ,
551 838 603 874 38,
627 839 679 877 39.

106 885 224 914 Graecis
245 895 309 914 una
319 894 396 914 voce
410 892 456 913 est
471 882 625 922 βουλυτός.
636 903 681 908 —

106 931 160 968 67.
178 931 384 961 Descendens
402 942 450 971 pr.
472 931 528 960 Ed.
551 938 581 960 et
600 933 679 961 Vos-

102 977 179 1006 sian.
196 977 361 1007 discedens
379 979 459 1008 Pier.
483 989 523 1007 ex
539 979 679 1007 nonnul-

102 1021 156 1059 lis,
171 1024 294 1054 solenni
306 1025 406 1065 lapsu.
423 1024 489 1054 Ecl.
505 1026 535 1060 1,
553 1025 594 1060 84
612 1026 680 1053 Μα-

99 1068 246 1110 joresque
266 1070 389 1100 cadunt
408 1071 483 1100 alcis
504 1071 543 1099 de
564 1071 679 1100 monti-

103 1114 158 1144 bus
174 1118 301 1148 umbrae.
314 1135 359 1140 —-
371 1117 424 1147 68.
443 1116 577 1147 Theocr.
598 1119 658 1146 VII
670 1140 678 1153 ‚

105 1161 147 1189 56
164 1162 270 1206 Θερμὸς
287 1161 348 1207 γὰρ
367 1162 441 1206 ἔρως
459 1162 542 1193 αὐτῶ
563 1174 600 1204 με
621 1174 678 1194 m.-

103 1207 210 1240 rat-1052.

150 1256 203 1294 69.
226 1258 275 1286 Ex
299 1256 410 1285 eodem
434 1257 498 1292 XI,
523 1267 562 1294 72
581 1266 627 1296 sq.
646 1263 677 1285 et

101 1303 189 1341 epioe
205 1303 239 1332 in
256 1302 377 1332 AEneid.
394 1304 435 1339 V,
454 1303 519 1337 465
537 1302 674 1343 Infelix,

101 1358 172 1387 quoe
188 1356 281 1377 tanta
296 1348 442 1377 animum
453 1348 615 1377 dementia
626 1359 675 1377 ce-

94 1393 166 1433 pit!
194 1394 350 1434 Objurgat
373 1405 405 1423 se
430 1395 557 1433 ipsum,
589 1394 676 1432 quod

100 1440 198 1469 amori
233 1439 401 1479 indulgens
431 1450 538 1468 curam
572 1440 676 1478 operis

98 1486 208 1514 rustici
221 1485 365 1526 negligit3
387 1484 539 1514 debuerat
553 1484 676 1514 dudum

97 1533 175 1561 vites
194 1539 224 1560 et
242 1531 345 1561 ulmos
361 1537 522 1571 amputare
544 1538 575 1561 et
595 1541 676 1571 opus

94 1578 280 1607 inchoatum
294 1585 325 1607 et
339 1579 490 1607 omissum
501 1577 672 1608 absolvere.

90 1625 205 1664 'Itaque
231 1635 260 1653 v.
281 1634 332 1662 70.
359 1635 396 1662 71
421 1624 551 1662 subjicit
573 1624 673 1653 Semi-

88 1677 206 1709 putata
227 1669 325 1712 cibis]
348 1670 387 1700 cf.
407 1670 444 1699 ad
465 1671 531 1701 Ecl.
557 1672 591 1707 I,
613 1682 651 1709 ας·
664 1694 672 1707 ,

93 1724 123 1746 et
142 1717 257 1757 Georg.
277 1719 324 1754 ΙΙ,
343 1724 419 1754 410.
437 1719 563 1747 Servius
583 1717 621 1746 ad
638 1718 669 1747 h.

82 1762 113 1802 ql.
139 1764 396 1803 superstitionem
417 1770 560 1793 veterum
584 1775 668 1793 com*

93 1817 268 1847 memorat,
296 1810 328 1839 in
354 1809 452 1839 sacris
476 1810 542 1839 dici
554 1810 670 1852 fitrore

92 1856 208 1896 corripi
220 1867 306 1893 eum,
327 1857 384 1897 qui
393 1856 617 1899 sacrificaverit
629 1858 669 1887 de

94 1901 190 1938 vino,
210 1903 298 1943 quod
312 1912 358 1933 esc
375 1904 414 1933 de
430 1903 548 1933 vitibus
566 1904 667 1944 impu-

91 1948 165 1977 tatis
182 1959 193 1977 :
209 1956 301 1989 atque
311 1951 379 1980 talis
388 1950 441 1980 lex
456 1951 540 1980 iuter
554 1952 669 1981 Numae

90 1994 173 2036 leges
189 2003 392 2026 memoratur.
414 1996 486 2026 Diis
501 2008 544 2026 ex
566 1996 666 2036 impu-

91 2048 160 2071 tata
175 2041 244 2072 vice
266 2053 306 2072 ne
327 2041 458 2072 libanto.
484 2044 582 2081 Cujus
598 2045 667 2083 opi-

739 608 844 637 nionis
868 606 906 637 ad
928 605 1099 636 acuendam
1120 605 1310 637 rusticorum

738 654 925 683 industriam
949 663 1069 683 summa
1094 655 1142 683 vis
1166 664 1230 682 esse
1257 653 1309 683 de-

738 700 818 730 buit.
830 702 1047 740 Amputamur
1058 707 1162 729 autem
1177 701 1254 729 vites
1263 700 1311 729 bis

737 748 771 775 in
787 757 887 778 anno.
906 747 1045 786 primum
1061 752 1179 782 aestate,
1200 746 1312 776 deinde

735 800 807 832 post
830 792 905 821 Idus
921 791 1075 829 octobris,
1093 799 1128 821 ut
1148 793 1309 821 maturita-

734 844 798 866 tem
813 848 922 878 capere
941 838 1063 867 fructus
1081 844 1112 867 et
1132 837 1197 867 sole
1214 840 1309 878 coqui

735 886 866 924 possint.
888 884 1012 914 Colum.
1023 906 1030 920 ‚
1059 887 1100 919 V,
1129 885 1146 913 5
1176 885 1307 924 Pampi-

734 931 840 960 nandi
862 938 968 960 autem
994 931 1104 960 modus
1130 930 1156 959 is
1179 930 1252 967 erit,
1275 938 1309 960 ut

734 977 843 1017 opacis
857 977 935 1006 locis
952 976 1150 1017 humidisque
1163 977 1307 1018 acsrigi-

734 1024 782 1053 dis
791 1032 901 1053 aestate
911 1024 987 1053 vitis
1002 1024 1150 1057 nudetur,
1158 1022 1309 1064 fidiculae

727 1070 916 1110 palmitibus
924 1069 1141 1105 detrahantur,
1160 1077 1194 1098 ut
1207 1078 1308 1099 mam-

732 1116 858 1146 ritatem
869 1116 995 1158 fructus
1013 1127 1126 1156 capere
1143 1116 1260 1155 possit,
1280 1123 1311 1144 ct

734 1174 774 1192 ne
792 1163 853 1192 sim
867 1171 1040 1203 putrescat.
1066 1165 1111 1192 De
1132 1163 1226 1192 altera
1250 1162 1308 1190 hac

733 1211 947 1250 amputatione
986 1209 1188 1250 accipiendus
1219 1209 1309 1238 locus

731 1255 893 1286 Theocriti
908 1257 986 1290 VII,
1009 1267 1020 1285 1
1030 1258 1071 1291 34
1083 1279 1091 1293 ‚
1106 1255 1194 1296 quod
1214 1264 1306 1294 appa-

732 1309 793 1338 ret,
817 1303 842 1331 si
864 1302 1005 1332 conferas
1023 1302 1066 1332 ib.
1093 1313 1154 1331 vss.
1180 1307 1232 1336 24.
1253 1301 1306 1329 25.

734 1348 818 1376 Idem
840 1350 874 1377 in
896 1348 1064 1378 arboribus
1088 1346 1158 1378 fieri
1182 1357 1307 1376 necesse

730 1400 791 1429 est,
812 1394 929 1432 quibus
944 1395 1024 1423 vites
1041 1404 1072 1423 se
1089 1394 1267 1434 adjungunt
1276 1400 1307 1421 et

730 1440 926 1468 sustinentur
940 1462 948 1475 ,
981 1450 1021 1468 ne
1052 1440 1165 1469 aemula
1192 1438 1306 1467 umbra

730 1485 787 1513 viti
805 1492 926 1515 noceat.
947 1485 986 1515 cf.
1004 1486 1098 1515 Mart.
1115 1484 1147 1514 h.
1162 1484 1184 1514 l.
1195 1495 1266 1522 —7
1277 1495 1304 1514 1.

729 1530 841 1560 Potior
855 1542 986 1571 quorum
1004 1531 1128 1572 indiget
1140 1542 1226 1567 usus,
1243 1531 1305 1560 ele-

728 1587 803 1617 gans
830 1584 876 1607 est
904 1578 1081 1608 emendatio
1103 1577 1283 1608 Marklandi
1297 1599 1305 1614 ,

728 1623 766 1652 ad
780 1625 869 1653 Statii
883 1625 957 1655 Silv.
974 1636 1006 1666 p.
1026 1626 1102 1661 341.
1117 1624 1176 1655 Sed
1187 1624 1303 1667 μᾶλλον

727 1671 837 1708 etiam,
854 1672 888 1700 in
907 1670 1040 1702 Theocr.
1058 1672 1141 1707 loco,
1157 1673 1221 1708 XI,
1251 1677 1303 1708 74.

726 1735 771 1738 -
784 1719 924 1758 Quorum
935 1718 1062 1759 indiget
1073 1729 1143 1748 usus
1152 1741 1161 1753 ,
1181 1728 1252 1757 quae
1265 1717 1303 1745 ad

724 1774 819 1793 usum
853 1766 926 1794 vitae
956 1766 1083 1794 rusticae
1112 1764 1302 1800 necessaria3

724 1810 789 1840 scil.
810 1821 863 1840 vas
887 1811 1033 1852 aliquod,
1059 1812 1109 1840 vel
1131 1809 1300 1840 calathum.

723 1874 768 1879 —-
781 1868 833 1895 72.
846 1859 1006 1888 Demxere
1008 1858 1110 1899 junco
1124 1857 1163 1886 cf.
1179 1855 1300 1886 Tibull.

722 1905 769 1941 Π,
791 1905 826 1941 3,
843 1906 894 1935 15.
918 1904 1037 1940 mollis,
1056 1903 1181 1940 flexilis,
1196 1900 1298 1946 ὑγρός.

780 1951 832 1988 73.
866 1951 961 1992 Vulg.
988 1950 1016 1979 si
1040 1958 1070 1980 te
1098 1949 1148 1979 hic
1166 1948 1301 1990 fastidit

722 1996 860 2034 Alesis;
885 1997 971 2039 quod
994 2004 1024 2026 et
1044 1998 1149 2037 ipsum
1172 1995 1251 2025 bene
1267 2006 1298 2025 se

721 2042 826 2072 habet.
