1408 2428
594 78 713 108 LIBER
740 78 762 107 Ι.

1214 74 1275 110 1⁸⁴.)

85 135 277 185 Puppibus
294 143 331 171 et
350 135 423 171 laeti
442 144 564 171 nautae
584 135 785 184 inposuere
803 146 973 171 coronas,

86 195 158 231 Sed
179 205 302 231 tamen
320 204 355 231 et
375 207 535 243 quernas
553 194 704 244 glandes
726 202 804 230 tum
824 195 1006 243 stringere
1023 202 1188 241 tempus,
1226 199 1273 222 >³03

84 258 128 292 Et
147 256 244 291 lauri
262 255 414 301 baccas,
436 255 650 304 oleamque,
670 263 901 304 cruentaque
922 264 1062 303 myrta3

83 318 179 352 Tum
195 315 352 365 gruibus
371 315 522 364 pedicas
542 323 578 350 et
599 315 692 351 retia
713 328 854 364 ponere
873 315 1014 359 cervis,

82 374 312 423 Auritosque
332 375 438 423 sequi
455 375 619 424 lepores,
641 383 720 410 tum
742 375 855 423 figere
871 374 1020 418 damas,

84 436 251 483 Stuppea
268 442 505 482 torquentem
522 434 684 469 Balearis
704 433 865 470 verbera
886 432 1010 469 fundae
1022 460 1032 478 ,

85 495 211 538 Quum
227 492 297 527 nix.
313 492 385 528 alta
401 493 517 542 jacet,
535 492 690 541 glaciem
711 506 826 541 quum
846 491 1000 528 flumina
1021 491 1189 527 trudunt.
1228 500 1274 522 διο

136 552 239 597 Quid
255 561 493 602 tempestates
513 553 706 589 auctumni
723 561 759 588 et
776 553 900 589 sidera
917 553 1062 589 dicam?

84 616 227 660 Atque,
249 612 314 648 ubi
330 612 407 661 jam
427 612 656 661 breviorque
672 612 750 648 dies
770 621 806 649 et
826 613 974 648 mollior
994 620 1119 656 aestas,

84 675 178 718 Quae
195 674 383 722 vigilanda
402 674 517 710 viris?
538 675 616 720 vel,
637 688 753 724 quum
773 674 849 710 ruit
868 673 1107 709 imbriferum
1123 686 1209 715 vcr;

84 733 220 781 Spicea
233 733 311 782 jam
333 733 472 782 campis
489 747 607 782 quum
626 734 754 770 messis
774 733 984 778 inhorruit,
1002 741 1037 768 et
1054 745 1170 781 quum

86 795 286 829 Frumenta
304 793 343 828 in
362 794 475 830 viridi
494 794 630 842 stipula
650 794 823 829 lactentia
841 794 1015 841 turgent?
1231 801 1277 823 3¹5»

85 903 192 932 Heius.
210 901 363 941 probante
376 902 547 930 Burmann.
563 901 650 930 Reis-

86 948 158 977 kius
166 946 276 988 fessce,
288 945 464 986 autpiccw,
477 953 530 975 aut
544 945 651 975 Thres-

87 1005 130 1024 πε
161 993 365 1031 conjectabat.
395 1009 440 1014 ——
459 993 521 1021 303
535 1015 542 1028 ,
574 994 650 1028 304.

40 1058 46 1077 t
86 1042 235 1070 Faustum
254 1039 389 1068 reditum
403 1038 440 1067 ad
454 1040 544 1068 Lares
559 1049 652 1067 naves

41 1089 47 1111 ῐ
86 1085 286 1116 declarabant
312 1092 459 1114 coronata
483 1085 601 1124 puppi,
619 1085 653 1114 in

88 1143 149 1173 qua
174 1131 269 1161 tutela
296 1132 384 1160 navis
408 1131 560 1160 collocata
576 1138 651 1160 erat.

89 1182 209 1208 Pressae
241 1178 362 1206 cat-[nce
388 1184 463 1207 sunt
494 1177 653 1205 mercibus

87 1231 239 1261 oneratae,
255 1235 310 1253 seu
331 1231 453 1253 onusta?
469 1233 572 1252 naves.
588 1222 651 1252 vid.

69 1271 207 1302 Tibull.
228 1273 253 1306 Ι,
276 1272 305 1307 3,
325 1276 366 1305 40
379 1282 386 1306 ;
399 1269 482 1301 Ovid
498 1271 578 1299 Fast.
595 1271 651 1305 IV,

92 1319 166 1347 300.

138 1364 213 1393 305.
237 1365 382 1403 Quernas
403 1362 543 1403 glandes
560 1361 653 1391 scrin-

87 1417 162 1447 gere
177 1408 241 1435 vid.
259 1409 297 1436 ad
316 1409 382 1437 Eel.
396 1411 438 1443 X,
450 1419 504 1437 20.
521 1409 653 1438 —306.

88 1455 292 1493 illyr-tamque
325 1453 492 1492 oleamque
522 1460 654 1482 cruenta

90 1498 186 1529 Goth.
215 1509 277 1528 sec.
302 1517 348 1521 ——
367 1499 505 1528 Cruenta
531 1507 651 1542 myrtc3‚

89 1545 192 1574 baecae
211 1546 307 1585 myrti
331 1546 427 1586 nigrae
454 1556 550 1575 succo
568 1546 654 1575 rubi-

88 1591 194 1620 cundo
209 1601 216 1620 :
232 1591 270 1620 ad
297 1592 407 1620 vinum
427 1591 652 1628 condiendum,

87 1638 248 1677 myrtitem
263 1647 270 1666 :
285 1638 376 1674 cujus
394 1636 585 1667 conficiendi
604 1649 652 1667 ra-

87 1685 206 1714 tionem
227 1694 256 1714 v.
280 1693 328 1722 ap.
349 1683 473 1712 Colum.
496 1686 576 1720 XII,
599 1684 652 1714 38.

85 1730 216 1759 —308.
234 1728 362 1758 Aut-[tos
381 1729 502 1768 lepores
518 1730 652 1760 Afranio

88 1775 222 1805 debebat
235 1777 335 1805 Maro.
354 1775 417 1804 vid.
432 1776 576 1805 Macrob.
589 1777 651 1806 Sat.

88 1824 145 1858 VI,
164 1822 193 1857 5,
203 1832 234 1861 p.
247 1820 447 1862 600.Figere
466 1822 538 1858 telo,
557 1828 654 1851 trans-

86 1868 191 1909 sigere.
208 1885 254 1889 ——-
278 1869 352 1906 309.
380 1867 517 1897 Verbera
534 1867 654 1908 fimdce

85 1920 177 1955 poeta
197 1924 256 1954 pro
280 1912 378 1942 funda
401 1913 500 1950 dixit,
523 1923 539 1941 e
562 1921 654 1953 stupa

85 1962 182 1996 facta,
201 1961 316 1997 majore
340 1966 454 1988 ornatu
467 1981 475 1996 ,
499 1966 654 1999 quatenus

86 2017 120 2036 ea
138 2005 302 2043 verberat,
323 2005 412 2040 ferit,
432 2006 543 2034 emisso
561 2016 654 2042 saxo,

86 2052 173 2093 quod
185 2053 300 2090 jacitur
317 2050 574 2092 circumagendo,
593 2057 656 2081 tor-

87 2099 215 2139 quendo
226 2120 234 2135 ,
251 2097 392 2127 fundam.

135 2147 211 2176 311.
236 2146 280 2174 Et
289 2143 420 2185 frigora
442 2143 549 2172 dicam
571 2153 654 2175 nnus

86 2193 201 2223 Moret.
230 2197 260 2222 et
288 2201 372 2220 uuus
403 2189 557 2220 Arundel.
595 2199 653 2219 nec

705 912 770 931 uon
805 899 900 929 Goth.
930 909 990 929 see.
1024 900 1058 928 in
1094 899 1196 929 litura.
1232 917 1277 921 —

708 948 724 975 3
736 957 783 975 19..
798 948 873 975 Iam
901 945 1082 985 breviorque
1104 945 1188 981 dies,
1202 945 1275 986 jum

707 991 832 1021 mollior
869 999 962 1022 (estas
993 1002 1077 1021 unus
1105 991 1209 1021 Mead.
1232 1009 1277 1014 —

709 1039 725 1067 3
736 1049 745 1067 1
755 1039 784 1068 5.
801 1040 854 1068 Eoe
869 1038 969 1071 ‘virt'dd
977 1038 1061 1067 Leid.
1076 1055 1124 1060 --
1134 1039 1273 1067 Lactan-

707 1084 751 1114 tt'a
776 1085 878 1115 multi.
903 1083 1051 1114 Iacentia
1082 1086 1172 1114 Rom.
1201 1086 1277 1113 Tor-

704 1139 783 1171 gent
808 1131 940 1161 Mentel.
975 1132 1080 1160 omnia
1103 1140 1209 1170 prave.
1229 1149 1276 1153 ——

707 1179 917 1217 'sempestates
927 1177 1101 1217 subjungit,
1116 1187 1187 1216 quae
1200 1176 1279 1206 ‹lua-

708 1222 766 1252 bus
783 1224 942 1263 praecipue
963 1224 1037 1252 anni
1054 1222 1198 1262 partibus
1215 1223 1276 1253 fre-

707 1270 855 1308 quentius
890 1271 1036 1309 ingruere
1068 1269 1170 1297 solent
1185 1291 1192 1304 ,
1217 1270 1277 1298 sub

708 1316 872 1344 auctumni
885 1316 1011 1344 initium
1030 1314 1084 1355 (v.
1102 1315 1118 1343 3
1128 1325 1140 1343 1
1152 1325 1179 1350 1,
1201 1316 1216 1343 3
1226 1326 1276 1351 12,

711 1362 726 1390 3
736 1361 794 1400 13)
812 1361 884 1390 inde
899 1371 913 1389 a
931 1361 1035 1389 medio
1046 1362 1204 1401 Augusto,
1217 1362 1276 1391 Co-

708 1407 784 1438 lum.
801 1409 859 1444 XI,
879 1418 909 1443 2,
932 1407 984 1445 57,
1004 1407 1061 1445 583
1079 1413 1109 1436 et
1119 1406 1180 1436 sub
1197 1409 1278 1438 veris

708 1454 829 1482 exitum
849 1453 900 1494 (v.
921 1453 1003 1489 313,
1024 1454 1106 1489 314,
1125 1451 1213 1492 315)
1229 1454 1275 1483 M.

708 1499 812 1539 Aprili
842 1499 956 1528 medio.
988 1498 1163 1529 Columella
1197 1499 1275 1529 ibid.

706 1545 725 1585 S
763 1546 803 1574 36
832 1557 898 1585 sqq.
929 1548 1033 1585 Quam
1063 1555 1139 1574 vero
1167 1553 1277 1575 ornate

706 1592 774 1621 haec
808 1591 908 1628 dixit,
938 1598 968 1620 et
996 1602 1091 1631 qnam
1126 1592 1277 1631 proclivis

706 1638 781 1666 hinc
806 1638 843 1666 ad
862 1638 1089 1667 ornatissimam
1112 1643 1276 1678 tempesta-

707 1685 746 1713 tis
779 1686 893 1713 aestivae
926 1683 1172 1723 descriptionem
1206 1686 1274 1713 via!

709 1729 822 1759 Sidera
846 1729 1012 1759 auctumni
1021 1752 1028 1766 ,
1047 1731 1121 1769 quia
1140 1729 1178 1758 ad
1195 1730 1278 1759 side-

706 1787 779 1805 rum
799 1783 887 1805 ortus
913 1783 943 1805 et
965 1786 1093 1805 occasus
1110 1782 1277 1816 tempesta-

708 1829 775 1851 tum
796 1829 936 1862 tempora
958 1829 1051 1861 atque
1074 1822 1167 1851 etiam
1188 1833 1276 1851 caus-

706 1878 754 1896 sas
769 1868 955 1897 referebant.
971 1869 1011 1897 cf.
1029 1878 1059 1896 v.
1077 1868 1153 1897 335.
1167 1864 1275 1907 Atdue

707 1913 785 1953 quid
796 1914 910 1950 dicam,
922 1924 993 1953 quae
1006 1912 1181 1953 vigilanda
1194 1910 1276 1943 aiiris

707 1961 787 1996 sint,
803 1959 855 1988 ubi
869 1959 942 1999 jam
958 1960 1002 1989 br.
1015 1971 1027 1994 ;
1048 1969 1119 1998 qnae
1135 1961 1275 1992 curanda

710 2012 739 2034 et
757 2004 953 2046 providenda
967 2005 1104 2046 (v.Serv‚
1114 2008 1274 2048 etBnrm.)

709 2051 748 2080 ab
781 2051 926 2092 agricolis
957 2051 1017 2080 sub
1044 2058 1272 2096 auctumnnm:

707 2097 781 2127 inde
800 2108 817 2126 a
834 2097 937 2127 medio
958 2099 1119 2138 Augusto,
1138 2106 1174 2128 ut
1190 2099 1274 2129 dixi-

708 2154 788 2173 mus.
804 2143 934 2173 ]llollt'or
953 2151 1063 2179 aestas,
1082 2144 1202 2175 leniore
1223 2156 1274 2175 ca-

705 2189 783 2226 lore,
797 2200 870 2220 cum
879 2190 1096 2221 vehementior
1109 2197 1201 2221 aestus
1213 2193 1277 2231 jam
