1408 2428
552 73 670 102 LIBER
697 73 736 100 Il.

54 134 129 179 Qui
146 146 243 169 nunc
262 131 436 168 extremis
455 129 552 166 Asiae
565 129 641 178 jam
656 129 776 165 victor
794 129 831 164 in
849 128 924 163 oris

54 194 234 231 Inbellem
251 192 386 229 avertis
404 191 583 228 Romanis
600 189 748 226 arcibus
768 188 913 225 Indum.

56 254 183 299 Salve,
198 265 331 302 magna
346 264 481 301 parens
502 251 671 300 frugum,
688 248 862 286 Saturnia
880 247 985 284 tellus
996 275 1004 288 ,

58 396 227 427 sentations
249 405 301 424 sur
322 394 443 424 l’Icalie
466 401 488 424 t.
506 396 553 423 III
565 417 572 430 ,
589 405 621 433 p.

62 442 159 482 279),
177 452 247 470 cum
273 440 382 470 eadem
403 450 490 469 nunc
515 440 624 479 opinio

61 490 99 519 de
131 488 346 517 Genuensium
376 487 507 525 ingenio
541 486 624 514 inter

60 535 155 564 Italos
194 533 344 562 obtineat.
391 532 479 561 Idem
517 538 625 560 auctor

61 579 233 621 (Grosley,
267 585 288 608 t.
314 579 356 611 ΙΙ,
373 589 404 617 p.
438 578 520 613 413,
540 576 624 617 414)

60 633 154 661 recte,
172 635 265 663 quam
283 624 404 653 diversa
421 624 513 652 facies
530 623 626 652 Itah'ae

61 682 146 701 nunc
163 671 219 706 sit,
236 669 382 700 observat
393 692 401 706 ‚
418 676 448 698 et
463 679 556 708 quam
571 679 625 708 pa-

61 728 132 746 rum
147 718 182 746 in
191 726 258 745 eam
268 716 359 745 cadat
368 716 511 755 inprimis
526 713 604 743 illud
617 723 624 743 :

62 765 186 803 Magna
200 773 320 802 parens
333 760 485 802 fiugwn,
506 771 626 801 magna

62 809 166 837 ‘virum
182 810 195 837 J
212 807 319 836 Volsci
332 813 436 836 autem
452 806 573 839 veneti,
593 806 624 835 h.

62 855 158 883 hastae
174 864 296 893 genere,
311 863 389 882 veru
406 852 504 893 (veru
521 851 628 880 Sabel-

64 901 126 928 lum
144 902 214 930 AEn.
232 900 315 935 VII,
340 898 404 927 665
430 897 549 937 dixit),
573 907 627 926 seu

63 946 126 975 telo
157 952 267 974 veruto
287 966 295 980 ‚
334 945 454 972 armati.
488 945 629 982 Apparet

63 998 168 1020 autem
178 1012 187 1026 ,
201 990 288 1030 quod
303 999 362 1018 usu
379 989 540 1018 communi
555 989 626 1016 sim—

63 1037 187 1076 pliciter
215 1042 361 1065 verutum
392 1041 539 1069 vocatur,
565 1044 629 1062 esse

64 1083 191 1122 proprie
216 1087 362 1110 verutum
392 1079 489 1108 telum
513 1079 564 1123 yel
586 1080 630 1116 ja-

65 1131 171 1157 culum
193 1137 271 1156 veru
292 1128 482 1155 instructum
504 1135 540 1153 ac
563 1135 629 1154 mu-

65 1175 178 1203 nitum.
198 1171 364 1212 Scipiadas
386 1171 478 1200 duros
498 1170 579 1199 bello
594 1170 627 1200 h.

66 1219 230 1248 induratos
252 1217 306 1246 ‘ad
336 1217 466 1246 bellum.
490 1233 535 1238 —
555 1217 628 1255 169.

67 1267 145 1294 Haec
160 1264 268 1294 doctos
281 1263 402 1292 Marios
415 1265 496 1292 Ven.

118 1321 177 1347 171
196 1327 241 1332 ——
260 1310 333 1346 173.
360 1310 403 1338 Ut
428 1308 543 1337 horum
561 1318 629 1336 ver-

67 1367 159 1385 suum
189 1355 350 1384 sententiae:
382 1352 460 1382 fides
499 1360 631 1390 constet,

68 1412 140 1431 cum
158 1403 256 1431 Ruaeo
281 1407 311 1429 et
340 1399 465 1429 Catroeo
484 1400 632 1428 Burman-

68 1457 127 1476 nus
151 1457 204 1475 eos
231 1445 327 1474 altera
349 1445 564 1485 recognitione
587 1445 633 1473 in-

68 1499 166 1522 sertos
195 1502 259 1520 esse
291 1491 409 1527 credit,
434 1492 473 1520 U.
498 1491 532 1520 C.
556 1490 632 1527 734,

69 1549 132 1578 quo
156 1538 319 1577 Augustus
350 1537 385 1565 in
407 1537 482 1565 Asia
504 1537 592 1576 signa
615 1546 632 1565 3

70 1583 190 1614 Parthis
217 1583 336 1622 recepit
358 1588 390 1611 et
404 1581 508 1611 Medis
523 1592 632 1621 pacem

70 1630 166 1660 dedit.
184 1629 238 1658 Est
260 1628 339 1657 adeo
361 1628 410 1656 vir
432 1627 561 1664 doctus,
577 1628 633 1667 qui

69 1687 130 1706 VSS.
152 1684 188 1712 17
199 1685 226 1711 1,
241 1684 301 1712 172
320 1673 475 1703 tollendos
490 1683 554 1702 esse
563 1683 632 1702 een-

70 1728 153 1758 seat,
171 1731 243 1749 cum
260 1730 319 1749 nec
339 1730 388 1750 an.
409 1725 473 1757 724
491 1729 548 1748 nec
567 1720 631 1757 734

69 1768 143 1796 satis
181 1767 381 1796 conveniant.
422 1765 632 1805 Cogitandum

70 1820 174 1843 tamen
189 1819 265 1849 erat,
281 1822 339 1841 nos
354 1812 389 1840 in
400 1818 503 1852 poeta,
520 1812 632 1841 nonin

70 1859 221 1888 historico
237 1858 367 1893 versari3
383 1868 552 1897 versusque
568 1867 633 1886 esse

74 1911 135 1933 tam
149 1904 333 1944 praeclaros,
349 1910 386 1932 ut
401 1904 456 1932 vix
472 1903 510 1932 ab
527 1903 633 1942 aliquo

70 1950 294 1989 interpolatore
315 1959 368 1978 eos
389 1949 547 1989 profectos
569 1958 633 1977 esse

70 1995 241 2024 arbitreris,
258 1994 354 2034 Quod
377 2001 480 2024 autem
503 1994 544 2023 ad
565 2004 633 2023 eam

71 2042 254 2080 opinionem
282 2041 410 2075 attinet,
427 2050 490 2079 qua
519 2040 634 2069 seriore

40 2088 50 2095 '
72 2097 167 2116 manu
182 2086 222 2116 ab
237 2087 308 2126 ipso
327 2092 420 2125 poeta
441 2086 550 2115 inserti
570 2096 634 2114 esse

71 2139 239 2172 putantur:
249 2132 394 2172 equidem
408 2132 443 2160 in
457 2131 544 2161 hono
558 2141 633 2171 poe-

72 2185 103 2206 ta
121 2179 175 2207 vix
198 2178 258 2207 hoc
280 2177 482 2218 probandum
503 2177 632 2216 putabo,

677 395 703 422 si
719 394 835 422 diversi
844 393 993 432 temporis
1009 393 1043 421 111
1059 391 1168 420 eodem
1180 400 1243 419 ear—

677 440 761 468 mine
776 438 906 477 vestigia
930 437 1101 477 reliquerit.
1124 439 1167 466 At
1183 447 1241 465 nec

679 485 733 514 tali
747 484 917 523 suspicioni
925 484 1012 513 locus
1023 491 1078 520 est,
1089 489 1241 523 spectant—

678 540 738 569 que
749 536 779 559 et
787 529 820 558 hi
831 540 937 558 versus
945 529 985 558 ad
995 529 1119 561 eosdem
1131 538 1241 564 annos,

677 586 756 615 quos
778 576 813 605 in
835 575 902 604 aliis
919 575 1147 616 Georgicormn
1162 574 1241 603 locis

678 622 895 657 suhinnuerat,
908 627 983 658 724,
1003 622 1065 659 725
1084 620 1123 650 ab
1140 621 1180 650 U.
1193 621 1241 656 C.‚

679 667 774 696 modo
797 673 939 706 poetam,
956 673 992 695 ut
1008 667 1083 696 alibi
1100 666 1173 695 facit
1185 689 1193 703 ‚
1211 678 1242 696 v.

680 724 706 742 c.
726 714 839 753 Georg.
865 714 912 741 III
937 710 1177 753 pr.,magnifice
1200 712 1242 741 ef-

679 758 758 788 ferre
775 764 806 787 et
828 768 939 787 ornare
957 759 1074 798 cogites
1089 758 1139 795 id,
1156 758 1245 797 quod

679 815 752 833 vere
767 803 847 833 nihil
862 803 948 832 aliud
964 811 1143 843 erat,quam
1159 805 1246 843 quod

683 850 784 880 Caesar
805 859 846 879 ex
870 851 1025 890 AEgypto‚
1051 859 1115 890 quo
1137 850 1245 889 paullo

681 902 752 935 post
766 905 905 935 pugnam
922 896 1085 924 Actiacam
1100 896 1248 924 Brundu-

681 942 728 970 sio
760 941 939 978 trajecerat,
971 951 1028 981 per
1058 941 1180 982 Syriam
1211 943 1244 970 in

683 987 789 1016 Asiam
805 987 863 1015 iter
876 985 960 1023 fecit,
971 993 1001 1016 et
1016 987 1117 1016 hieme
1134 987 1174 1016 ad
1184 988 1244 1016 Eu-

681 1032 825 1072 phratem
841 1039 950 1061 exacta
967 1033 1050 1062 Asiae
1065 1043 1113 1062 res
1130 1035 1246 1062 consti-

683 1079 753 1107 tuit.
762 1079 870 1117 Itaque
878 1078 1028 1107 extremis
1034 1078 1176 1107 victorin
1185 1079 1248 1108 oris

683 1123 781 1157 Asiae,
801 1119 900 1165 uses:
916 1124 956 1152 ad
969 1124 1159 1164 Euphratem
1175 1135 1247 1164 pro-

684 1179 821 1209 gressus,
840 1175 871 1198 et
887 1169 1003 1198 Indum
1025 1170 1151 1205 avertit,
1171 1170 1247 1199 dum

683 1214 835 1254 praesidiis
850 1213 929 1244 fines
941 1237 948 1251 ,
966 1215 998 1245 h.
1016 1215 1111 1245 urbes
1126 1217 1159 1245 in
1175 1214 1248 1245 fini-

685 1261 764 1297 bus,
787 1258 901 1289 firmat.
933 1261 1048 1289 Indum
1076 1261 1245 1296 imbellem,

685 1313 720 1335 ut
743 1307 801 1336 Ge.
827 1307 859 1341 I,
887 1306 924 1343 57
954 1307 1064 1335 molles
1094 1306 1200 1336 Sabaei
1218 1315 1249 1336 et

685 1362 794 1381 omnes
810 1352 893 1381 Asiae
916 1351 956 1381 ad
978 1354 1131 1381 Austrum
1154 1363 1250 1382 versae

684 1397 797 1438 populi
814 1406 822 1427 :
841 1398 932 1437 petiit
951 1397 1025 1427 hinc
1047 1399 1169 1428 Nemes.
1188 1399 1250 1438 Cy-

686 1453 758 1483 neg.
779 1449 840 1480 74,
855 1443 1019 1472 lmbellem
1033 1442 1153 1485 ficgam
1175 1446 1247 1474 Par—

687 1489 824 1518 thorum.
842 1489 967 1519 Novum
989 1496 1068 1519 esset
1092 1490 1247 1519 imbellem

686 1535 838 1575 accipere,
854 1532 942 1564 nulla
955 1535 1018 1573 jam
1035 1535 1167 1575 amplius
1190 1536 1253 1565 bel-

685 1581 715 1609 la
732 1586 902 1610 tentantem
913 1603 920 1617 ,
937 1581 1074 1618 scilicet,
1091 1581 1178 1621 quod
1201 1591 1249 1611 ar-

685 1637 736 1655 ma
767 1633 821 1655 tua
846 1634 1022 1664 reveretur3
1046 1634 1083 1656 ut
1104 1626 1250 1658 Reiskius

686 1673 780 1701 etiam
798 1673 981 1712 accipiebat.
1000 1674 1098 1702 Arces
1120 1673 1159 1702 de
1176 1672 1249 1702 fini-

686 1718 745 1747 bus
762 1718 825 1748 djci
837 1740 846 1754 ,
863 1718 956 1748 docet
970 1720 1076 1749 Burm.
1093 1719 1159 1749 scil.
1177 1729 1250 1759 qua-

685 1770 776 1793 tenns
791 1765 814 1793 ii
830 1765 955 1794 arcibus
970 1771 1002 1793 et
1016 1765 1168 1805 praesidiis
1185 1775 1251 1793 mu-

685 1811 748 1839 niri
770 1810 882 1840 solent.
905 1811 1045 1841 Omnino
1068 1817 1171 1840 tamen
1193 1812 1252 1839 im-

685 1857 808 1896 perium
824 1859 1002 1886 Romanum
1024 1856 1170 1886 declarat.
1188 1857 1250 1886 Ins.

687 1904 756 1932 AEn.
775 1904 832 1938 IV,
852 1903 917 1937 234
933 1908 979 1931 est
994 1902 1060 1942 ipsa
1076 1905 1176 1933 Roma
1192 1904 1250 1931 As-

686 1947 822 1976 canione
838 1955 935 1987 pater
951 1949 1114 1978 Romanas
1134 1947 1254 1977 invidet

687 2004 775 2022 arces
788 1997 805 2022 9
819 2010 865 2016 ——
884 2004 957 2031 172.
986 1995 1026 2023 In
1050 1993 1165 2023 bellum
1194 1994 1249 2022 ad-

689 2039 778 2068 vertis
793 2040 920 2069 Vratisl.
936 2039 1107 2069 —artibus
1121 2039 1186 2069 duo
1196 2050 1246 2080 ap.

687 2086 816 2115 Martin.
842 2085 929 2125 quod
957 2096 996 2115 ex
1012 2088 1082 2115 AEn.
1096 2086 1162 2121 VI,
1183 2086 1245 2115 853

688 2131 821 2170 probare
836 2131 932 2169 velle,
948 2131 1041 2160 ludus
1057 2137 1144 2162 esset.

738 2178 797 2214 173
813 2195 859 2200 »-
880 2178 952 2214 176.
977 2179 1139 2218 Tanquam
1162 2178 1250 2208 deam
