<?xml version="1.0" encoding="UTF-8"?>
<!DOCTYPE html PUBLIC "-//W3C//DTD XHTML 1.0 Transitional//EN"
    "http://www.w3.org/TR/xhtml1/DTD/xhtml1-transitional.dtd">
<html xmlns="http://www.w3.org/1999/xhtml" xml:lang="en" lang="en">
 <head>
  <title>
</title>
<meta http-equiv="Content-Type" content="text/html;charset=utf-8" />
  <meta name='ocr-system' content='tesseract 3.04.00' />
  <meta name='ocr-capabilities' content='ocr_page ocr_carea ocr_par ocr_line ocrx_word'/>
</head>
<body>
  <div class='ocr_page' id='page_1' title='image "./operahey01virguoft_0409.png"; bbox 0 0 1377 2428; ppageno 0'>
   <div class='ocr_carea' id='block_1_1' title="bbox 526 92 727 123">
    <p class='ocr_par' dir='ltr' id='par_1_1' title="bbox 526 92 727 123">
     <span class='ocr_line' id='line_1_1' title="bbox 526 92 727 123; baseline -0.025 0"><span class='ocrx_word' id='word_1_1' title='bbox 526 93 646 123; x_wconf 82' lang='lat' dir='ltr'><strong>LIBER</strong></span> <span class='ocrx_word' id='word_1_2' title='bbox 671 92 727 119; x_wconf 88' lang='lat' dir='ltr'>IV.</span> 
     </span>
    </p>
   </div>
   <div class='ocr_carea' id='block_1_2' title="bbox 1160 84 1220 120">
    <p class='ocr_par' dir='ltr' id='par_1_2' title="bbox 1160 84 1220 120">
     <span class='ocr_line' id='line_1_2' title="bbox 1160 84 1174 111; textangle 90"><span class='ocrx_word' id='word_1_3' title='bbox 1160 84 1174 111; x_wconf 56' lang='grc' dir='ltr'>υ]</span> 
     </span>
     <span class='ocr_line' id='line_1_3' title="bbox 1183 94 1195 120; textangle 90"><span class='ocrx_word' id='word_1_4' title='bbox 1183 94 1195 120; x_wconf 47' lang='grc' dir='ltr'>Κ1</span> 
     </span>
     <span class='ocr_line' id='line_1_4' title="bbox 1208 95 1220 111; textangle 90"><span class='ocrx_word' id='word_1_5' title='bbox 1208 95 1220 111; x_wconf 42' lang='grc' dir='ltr'><strong>Β</strong></span> 
     </span>
    </p>
   </div>
   <div class='ocr_carea' id='block_1_3' title="bbox 30 144 1223 562">
    <p class='ocr_par' dir='ltr' id='par_1_3' title="bbox 30 144 1223 372">
     <span class='ocr_line' id='line_1_5' title="bbox 31 144 1029 203; baseline -0.017 -9"><span class='ocrx_word' id='word_1_6' title='bbox 31 158 135 194; x_wconf 84' lang='lat' dir='ltr'>Trita</span> <span class='ocrx_word' id='word_1_7' title='bbox 154 152 407 203; x_wconf 71' lang='lat' dir='ltr'>melisphylla,</span> <span class='ocrx_word' id='word_1_8' title='bbox 423 160 459 187; x_wconf 89' lang='lat' dir='ltr'>et</span> <span class='ocrx_word' id='word_1_9' title='bbox 474 148 653 186; x_wconf 75' lang='lat' dir='ltr'>cerinthae</span> <span class='ocrx_word' id='word_1_10' title='bbox 670 144 837 197; x_wconf 81' lang='lat' dir='ltr'>ignobile</span> <span class='ocrx_word' id='word_1_11' title='bbox 857 155 1029 193; x_wconf 76' lang='lat' dir='ltr'>gramen3</span> 
     </span>
     <span class='ocr_line' id='line_1_6' title="bbox 30 205 1066 264; baseline -0.014 -11"><span class='ocrx_word' id='word_1_12' title='bbox 30 216 277 264; x_wconf 88' lang='lat' dir='ltr'>Tinnitusque</span> <span class='ocrx_word' id='word_1_13' title='bbox 297 213 371 258; x_wconf 84' lang='lat' dir='ltr'>cie,</span> <span class='ocrx_word' id='word_1_14' title='bbox 389 220 426 248; x_wconf 89' lang='lat' dir='ltr'>et</span> <span class='ocrx_word' id='word_1_15' title='bbox 439 210 573 247; x_wconf 80' lang='lat' dir='ltr'>Matris</span> <span class='ocrx_word' id='word_1_16' title='bbox 591 217 704 257; x_wconf 81' lang='lat' dir='ltr'>quate</span> <span class='ocrx_word' id='word_1_17' title='bbox 724 205 895 255; x_wconf 75' lang='lat' dir='ltr'>cymbala</span> <span class='ocrx_word' id='word_1_18' title='bbox 913 206 1066 242; x_wconf 86' lang='lat' dir='ltr'>circum.</span> 
     </span>
     <span class='ocr_line' id='line_1_7' title="bbox 30 267 1223 327; baseline -0.018 -12"><span class='ocrx_word' id='word_1_19' title='bbox 30 280 127 327; x_wconf 85' lang='lat' dir='ltr'>Ipsae</span> <span class='ocrx_word' id='word_1_20' title='bbox 145 274 338 312; x_wconf 83' lang='lat' dir='ltr'><strong>consident</strong></span> <span class='ocrx_word' id='word_1_21' title='bbox 356 270 549 308; x_wconf 81' lang='lat' dir='ltr'>medicatis</span> <span class='ocrx_word' id='word_1_22' title='bbox 565 268 736 314; x_wconf 79' lang='lat' dir='ltr'>sedibus3</span> <span class='ocrx_word' id='word_1_23' title='bbox 753 267 843 316; x_wconf 75' lang='lat' dir='ltr'>ipsae</span> <span class='ocrx_word' id='word_1_24' title='bbox 1193 272 1223 294; x_wconf 79' lang='lat'>65</span> 
     </span>
     <span class='ocr_line' id='line_1_8' title="bbox 30 325 935 372; baseline -0.013 0"><span class='ocrx_word' id='word_1_25' title='bbox 30 337 167 372; x_wconf 84' lang='lat' dir='ltr'>Intima</span> <span class='ocrx_word' id='word_1_26' title='bbox 189 345 293 371; x_wconf 87' lang='lat' dir='ltr'>more</span> <span class='ocrx_word' id='word_1_27' title='bbox 312 344 379 369; x_wconf 85' lang='lat' dir='ltr'>suo</span> <span class='ocrx_word' id='word_1_28' title='bbox 395 342 476 368; x_wconf 86' lang='lat' dir='ltr'>sese</span> <span class='ocrx_word' id='word_1_29' title='bbox 495 330 534 366; x_wconf 92' lang='lat' dir='ltr'>in</span> <span class='ocrx_word' id='word_1_30' title='bbox 555 327 743 365; x_wconf 82' lang='lat' dir='ltr'>cunabula</span> <span class='ocrx_word' id='word_1_31' title='bbox 763 325 935 363; x_wconf 87' lang='lat' dir='ltr'>condent.</span> 
     </span>
    </p>

    <p class='ocr_par' dir='ltr' id='par_1_4' title="bbox 31 382 1118 562">
     <span class='ocr_line' id='line_1_9' title="bbox 84 382 1118 442; baseline -0.014 -10"><span class='ocrx_word' id='word_1_32' title='bbox 84 397 150 432; x_wconf 86' lang='lat' dir='ltr'>Sin</span> <span class='ocrx_word' id='word_1_33' title='bbox 166 402 291 431; x_wconf 88' lang='lat' dir='ltr'>autem</span> <span class='ocrx_word' id='word_1_34' title='bbox 306 392 353 429; x_wconf 84' lang='lat' dir='ltr'>ad</span> <span class='ocrx_word' id='word_1_35' title='bbox 372 402 537 442; x_wconf 80' lang='lat' dir='ltr'>pugnam</span> <span class='ocrx_word' id='word_1_36' title='bbox 554 387 732 432; x_wconf 76' lang='lat' dir='ltr'>exierint,</span> <span class='ocrx_word' id='word_1_37' title='bbox 753 398 839 422; x_wconf 86' lang='lat' dir='ltr'>nam</span> <span class='ocrx_word' id='word_1_38' title='bbox 855 397 954 433; x_wconf 84' lang='lat' dir='ltr'>saepe</span> <span class='ocrx_word' id='word_1_39' title='bbox 970 382 1118 420; x_wconf 89' lang='lat' dir='ltr'>duobus</span> 
     </span>
     <span class='ocr_line' id='line_1_10' title="bbox 31 447 856 504; baseline -0.012 -13"><span class='ocrx_word' id='word_1_40' title='bbox 31 454 198 504; x_wconf 82' lang='lat' dir='ltr'>Regibus</span> <span class='ocrx_word' id='word_1_41' title='bbox 212 452 362 490; x_wconf 84' lang='lat' dir='ltr'>incessit</span> <span class='ocrx_word' id='word_1_42' title='bbox 378 461 513 500; x_wconf 84' lang='lat' dir='ltr'>magno</span> <span class='ocrx_word' id='word_1_43' title='bbox 529 447 719 486; x_wconf 85' lang='lat' dir='ltr'>discordia</span> <span class='ocrx_word' id='word_1_44' title='bbox 732 454 856 489; x_wconf 81' lang='lat' dir='ltr'>motu3</span> 
     </span>
     <span class='ocr_line' id='line_1_11' title="bbox 32 504 996 562; baseline -0.013 -11"><span class='ocrx_word' id='word_1_45' title='bbox 32 515 297 562; x_wconf 86' lang='lat' dir='ltr'>Continuoque</span> <span class='ocrx_word' id='word_1_46' title='bbox 313 512 457 549; x_wconf 86' lang='lat' dir='ltr'>animos</span> <span class='ocrx_word' id='word_1_47' title='bbox 474 509 576 559; x_wconf 81' lang='lat' dir='ltr'>volgi</span> <span class='ocrx_word' id='word_1_48' title='bbox 593 517 629 545; x_wconf 87' lang='lat' dir='ltr'>et</span> <span class='ocrx_word' id='word_1_49' title='bbox 649 505 879 556; x_wconf 79' lang='lat' dir='ltr'>trepidantia</span> <span class='ocrx_word' id='word_1_50' title='bbox 896 504 996 540; x_wconf 86' lang='lat' dir='ltr'>bello</span> 
     </span>
    </p>
   </div>
   <div class='ocr_carea' id='block_1_4' title="bbox 32 647 615 2200">
    <p class='ocr_par' dir='ltr' id='par_1_5' title="bbox 32 647 615 2200">
     <span class='ocr_line' id='line_1_12' title="bbox 32 647 598 692; baseline -0.007 -12"><span class='ocrx_word' id='word_1_51' title='bbox 32 662 110 692; x_wconf 88' lang='lat' dir='ltr'>quos</span> <span class='ocrx_word' id='word_1_52' title='bbox 129 651 313 690; x_wconf 72' lang='lat' dir='ltr'>adspergere</span> <span class='ocrx_word' id='word_1_53' title='bbox 330 660 445 679; x_wconf 86' lang='lat' dir='ltr'>moneo</span> <span class='ocrx_word' id='word_1_54' title='bbox 456 671 463 685; x_wconf 92' lang='lat'>,</span> <span class='ocrx_word' id='word_1_55' title='bbox 483 647 598 686; x_wconf 72' lang='lat' dir='ltr'>jubeo,</span> 
     </span>
     <span class='ocr_line' id='line_1_13' title="bbox 32 693 605 735; baseline -0.009 -9"><span class='ocrx_word' id='word_1_56' title='bbox 32 697 89 726; x_wconf 84' lang='lat' dir='ltr'>inf.</span> <span class='ocrx_word' id='word_1_57' title='bbox 116 708 146 726; x_wconf 71' lang='lat' dir='ltr'>v.</span> <span class='ocrx_word' id='word_1_58' title='bbox 177 697 240 735; x_wconf 68' lang='lat'>549</span> <span class='ocrx_word' id='word_1_59' title='bbox 265 703 456 725; x_wconf 74' lang='lat' dir='ltr'>monstratas</span> <span class='ocrx_word' id='word_1_60' title='bbox 483 693 605 723; x_wconf 70' lang='lat' dir='ltr'>excitat</span> 
     </span>
     <span class='ocr_line' id='line_1_14' title="bbox 33 740 601 778; baseline -0.007 -6"><span class='ocrx_word' id='word_1_61' title='bbox 33 754 117 773; x_wconf 82' lang='lat' dir='ltr'>aras.</span> <span class='ocrx_word' id='word_1_62' title='bbox 128 743 167 772; x_wconf 86' lang='lat' dir='ltr'>cf.</span> <span class='ocrx_word' id='word_1_63' title='bbox 178 745 280 772; x_wconf 69' lang='lat' dir='ltr'>Varro</span> <span class='ocrx_word' id='word_1_64' title='bbox 295 743 342 770; x_wconf 89' lang='lat'>111</span> <span class='ocrx_word' id='word_1_65' title='bbox 354 764 361 778; x_wconf 94' lang='lat'>,</span> <span class='ocrx_word' id='word_1_66' title='bbox 384 742 441 778; x_wconf 83' lang='lat'>16,</span> <span class='ocrx_word' id='word_1_67' title='bbox 463 741 521 775; x_wconf 80' lang='lat'>30,</span> <span class='ocrx_word' id='word_1_68' title='bbox 541 740 557 768; x_wconf 80' lang='lat'>3</span> <span class='ocrx_word' id='word_1_69' title='bbox 567 750 579 768; x_wconf 83' lang='lat'>1</span> <span class='ocrx_word' id='word_1_70' title='bbox 593 761 601 775; x_wconf 96' lang='lat'>,</span> 
     </span>
     <span class='ocr_line' id='line_1_15' title="bbox 33 787 602 824; baseline -0.007 -6"><span class='ocrx_word' id='word_1_71' title='bbox 33 788 111 818; x_wconf 70' lang='lat' dir='ltr'>adde</span> <span class='ocrx_word' id='word_1_72' title='bbox 129 799 191 824; x_wconf 83' lang='lat'>22,</span> <span class='ocrx_word' id='word_1_73' title='bbox 220 789 260 817; x_wconf 85' lang='lat'>23</span> <span class='ocrx_word' id='word_1_74' title='bbox 277 794 307 816; x_wconf 88' lang='lat' dir='ltr'>et</span> <span class='ocrx_word' id='word_1_75' title='bbox 325 794 375 823; x_wconf 66' lang='lat'>14.</span> <span class='ocrx_word' id='word_1_76' title='bbox 393 805 439 810; x_wconf 89' lang='lat'>—</span> <span class='ocrx_word' id='word_1_77' title='bbox 456 787 510 816; x_wconf 85' lang='lat'>63.</span> <span class='ocrx_word' id='word_1_78' title='bbox 538 787 602 815; x_wconf 80' lang='lat' dir='ltr'>Me-</span> 
     </span>
     <span class='ocr_line' id='line_1_16' title="bbox 33 832 602 874; baseline -0.009 -10"><span class='ocrx_word' id='word_1_79' title='bbox 33 834 184 874; x_wconf 75' lang='lat' dir='ltr'>lisplzylla</span> <span class='ocrx_word' id='word_1_80' title='bbox 205 835 313 863; x_wconf 80' lang='lat' dir='ltr'>Heius.</span> <span class='ocrx_word' id='word_1_81' title='bbox 329 844 345 863; x_wconf 90' lang='lat' dir='ltr'>e</span> <span class='ocrx_word' id='word_1_82' title='bbox 358 832 477 863; x_wconf 78' lang='lat' dir='ltr'>Medic.</span> <span class='ocrx_word' id='word_1_83' title='bbox 494 839 525 861; x_wconf 88' lang='lat' dir='ltr'>et</span> <span class='ocrx_word' id='word_1_84' title='bbox 537 842 602 860; x_wconf 85' lang='lat' dir='ltr'>me-</span> 
     </span>
     <span class='ocr_line' id='line_1_17' title="bbox 32 875 606 919; baseline -0.007 -10"><span class='ocrx_word' id='word_1_85' title='bbox 32 880 167 910; x_wconf 88' lang='lat' dir='ltr'>lioribus</span> <span class='ocrx_word' id='word_1_86' title='bbox 183 881 318 919; x_wconf 76' lang='lat' dir='ltr'>scripsit,</span> <span class='ocrx_word' id='word_1_87' title='bbox 330 879 428 918; x_wconf 77' lang='lat' dir='ltr'>vulgo</span> <span class='ocrx_word' id='word_1_88' title='bbox 442 875 606 917; x_wconf 47' lang='lat' dir='ltr'>melipstrfi</span> 
     </span>
     <span class='ocr_line' id='line_1_18' title="bbox 33 923 605 963; baseline -0.007 -8"><span class='ocrx_word' id='word_1_89' title='bbox 33 926 67 955; x_wconf 77' lang='lat' dir='ltr'>la</span> <span class='ocrx_word' id='word_1_90' title='bbox 80 949 87 963; x_wconf 95' lang='lat'>,</span> <span class='ocrx_word' id='word_1_91' title='bbox 118 926 279 955; x_wconf 89' lang='lat' dir='ltr'>communi</span> <span class='ocrx_word' id='word_1_92' title='bbox 307 925 438 954; x_wconf 83' lang='lat' dir='ltr'>ratione.</span> <span class='ocrx_word' id='word_1_93' title='bbox 468 923 605 953; x_wconf 83' lang='lat' dir='ltr'>Aberra-</span> 
     </span>
     <span class='ocr_line' id='line_1_19' title="bbox 34 969 602 1001; baseline -0.007 0"><span class='ocrx_word' id='word_1_94' title='bbox 34 973 136 1001; x_wconf 82' lang='lat' dir='ltr'>n&#39;ones</span> <span class='ocrx_word' id='word_1_95' title='bbox 150 971 223 1001; x_wconf 87' lang='lat' dir='ltr'>alias</span> <span class='ocrx_word' id='word_1_96' title='bbox 242 972 276 999; x_wconf 91' lang='lat' dir='ltr'>in</span> <span class='ocrx_word' id='word_1_97' title='bbox 294 969 355 999; x_wconf 88' lang='lat' dir='ltr'>hac</span> <span class='ocrx_word' id='word_1_98' title='bbox 371 976 401 999; x_wconf 87' lang='lat' dir='ltr'>et</span> <span class='ocrx_word' id='word_1_99' title='bbox 415 970 510 999; x_wconf 84' lang='lat' dir='ltr'>altera</span> <span class='ocrx_word' id='word_1_100' title='bbox 523 979 602 998; x_wconf 78' lang='lat' dir='ltr'>voce</span> 
     </span>
     <span class='ocr_line' id='line_1_20' title="bbox 34 1015 602 1055; baseline -0.004 -10"><span class='ocrx_word' id='word_1_101' title='bbox 34 1016 175 1046; x_wconf 76' lang='lat' dir='ltr'>cerintlze</span> <span class='ocrx_word' id='word_1_102' title='bbox 195 1015 260 1046; x_wconf 78' lang='lat' dir='ltr'>vid.</span> <span class='ocrx_word' id='word_1_103' title='bbox 283 1015 368 1055; x_wconf 82' lang='lat' dir='ltr'>apud</span> <span class='ocrx_word' id='word_1_104' title='bbox 392 1017 498 1045; x_wconf 78' lang='lat' dir='ltr'>Burin.</span> <span class='ocrx_word' id='word_1_105' title='bbox 517 1020 548 1043; x_wconf 87' lang='lat' dir='ltr'>et</span> <span class='ocrx_word' id='word_1_106' title='bbox 568 1015 602 1043; x_wconf 88' lang='lat' dir='ltr'>in</span> 
     </span>
     <span class='ocr_line' id='line_1_21' title="bbox 37 1061 603 1098; baseline -0.007 -6"><span class='ocrx_word' id='word_1_107' title='bbox 37 1063 162 1093; x_wconf 88' lang='lat' dir='ltr'>Colum.</span> <span class='ocrx_word' id='word_1_108' title='bbox 179 1063 227 1092; x_wconf 78' lang='lat' dir='ltr'>IX</span> <span class='ocrx_word' id='word_1_109' title='bbox 237 1084 245 1098; x_wconf 90' lang='lat'>,</span> <span class='ocrx_word' id='word_1_110' title='bbox 272 1062 290 1090; x_wconf 89' lang='lat'>8</span> <span class='ocrx_word' id='word_1_111' title='bbox 303 1084 311 1097; x_wconf 93' lang='lat'>,</span> <span class='ocrx_word' id='word_1_112' title='bbox 343 1061 381 1089; x_wconf 85' lang='lat'>13</span> <span class='ocrx_word' id='word_1_113' title='bbox 394 1083 402 1097; x_wconf 95' lang='lat'>‚</span> <span class='ocrx_word' id='word_1_114' title='bbox 425 1061 482 1089; x_wconf 85' lang='lat' dir='ltr'>ubi</span> <span class='ocrx_word' id='word_1_115' title='bbox 494 1069 603 1089; x_wconf 82' lang='lat' dir='ltr'>versus</span> 
     </span>
     <span class='ocr_line' id='line_1_22' title="bbox 33 1103 604 1148; baseline -0.009 -10"><span class='ocrx_word' id='word_1_116' title='bbox 33 1107 189 1138; x_wconf 86' lang='lat' dir='ltr'>laudatur.</span> <span class='ocrx_word' id='word_1_117' title='bbox 204 1108 259 1137; x_wconf 81' lang='lat' dir='ltr'>Est</span> <span class='ocrx_word' id='word_1_118' title='bbox 270 1105 305 1136; x_wconf 79' lang='grc' dir='ltr'>τὸ</span> <span class='ocrx_word' id='word_1_119' title='bbox 319 1103 466 1148; x_wconf 63' lang='grc' dir='ltr'>κτῖρινθον.</span> <span class='ocrx_word' id='word_1_120' title='bbox 479 1122 526 1129; x_wconf 86' lang='lat'>-—-</span> <span class='ocrx_word' id='word_1_121' title='bbox 540 1105 604 1134; x_wconf 83' lang='lat' dir='ltr'>Me-</span> 
     </span>
     <span class='ocr_line' id='line_1_23' title="bbox 35 1150 602 1193; baseline -0.007 -10"><span class='ocrx_word' id='word_1_122' title='bbox 35 1153 229 1193; x_wconf 69' lang='lat' dir='ltr'>Iisplzyllum,</span> <span class='ocrx_word' id='word_1_123' title='bbox 247 1163 302 1181; x_wconf 87' lang='lat' dir='ltr'>seu</span> <span class='ocrx_word' id='word_1_124' title='bbox 318 1150 602 1191; x_wconf 72' lang='lat' dir='ltr'>melissophyllum,</span> 
     </span>
     <span class='ocr_line' id='line_1_24' title="bbox 35 1195 604 1240; baseline -0.009 -11"><span class='ocrx_word' id='word_1_125' title='bbox 35 1201 186 1240; x_wconf 75' lang='lat' dir='ltr'>apiaster,</span> <span class='ocrx_word' id='word_1_126' title='bbox 212 1198 296 1228; x_wconf 87' lang='lat' dir='ltr'>conf.</span> <span class='ocrx_word' id='word_1_127' title='bbox 322 1198 426 1226; x_wconf 85' lang='lat' dir='ltr'>Varro</span> <span class='ocrx_word' id='word_1_128' title='bbox 447 1198 513 1232; x_wconf 92' lang='grc' dir='ltr'>ΙΙΙ,</span> <span class='ocrx_word' id='word_1_129' title='bbox 544 1195 604 1231; x_wconf 85' lang='lat'>16,</span> 
     </span>
     <span class='ocr_line' id='line_1_25' title="bbox 41 1241 604 1284; baseline -0.011 -9"><span class='ocrx_word' id='word_1_130' title='bbox 41 1256 96 1281; x_wconf 88' lang='lat'>10,</span> <span class='ocrx_word' id='word_1_131' title='bbox 111 1245 210 1284; x_wconf 84' lang='lat' dir='ltr'>vulgo</span> <span class='ocrx_word' id='word_1_132' title='bbox 223 1243 360 1273; x_wconf 79' lang='lat' dir='ltr'>melissa.</span> <span class='ocrx_word' id='word_1_133' title='bbox 376 1241 460 1272; x_wconf 84' lang='lat' dir='ltr'>conf.</span> <span class='ocrx_word' id='word_1_134' title='bbox 474 1241 604 1271; x_wconf 77' lang='lat' dir='ltr'>Martin.</span> 
     </span>
     <span class='ocr_line' id='line_1_26' title="bbox 39 1287 608 1326; baseline -0.009 -7"><span class='ocrx_word' id='word_1_135' title='bbox 39 1288 186 1320; x_wconf 72' lang='lat' dir='ltr'>Cer-inthe</span> <span class='ocrx_word' id='word_1_136' title='bbox 205 1312 213 1326; x_wconf 86' lang='lat'><strong><em>‚</em></strong></span> <span class='ocrx_word' id='word_1_137' title='bbox 245 1288 339 1319; x_wconf 87' lang='lat' dir='ltr'>nobis</span> <span class='ocrx_word' id='word_1_138' title='bbox 367 1287 522 1317; x_wconf 84' lang='lat' dir='ltr'>hortensis</span> <span class='ocrx_word' id='word_1_139' title='bbox 534 1309 542 1323; x_wconf 93' lang='lat'>,</span> <span class='ocrx_word' id='word_1_140' title='bbox 573 1287 608 1314; x_wconf 91' lang='lat' dir='ltr'>in</span> 
     </span>
     <span class='ocr_line' id='line_1_27' title="bbox 35 1333 604 1372; baseline -0.009 -6"><span class='ocrx_word' id='word_1_141' title='bbox 35 1337 124 1366; x_wconf 83' lang='lat' dir='ltr'>Italia</span> <span class='ocrx_word' id='word_1_142' title='bbox 138 1335 287 1364; x_wconf 79' lang='lat' dir='ltr'>silvestris</span> <span class='ocrx_word' id='word_1_143' title='bbox 299 1344 334 1363; x_wconf 86' lang='lat' dir='ltr'>ae</span> <span class='ocrx_word' id='word_1_144' title='bbox 348 1333 436 1363; x_wconf 70' lang='lat' dir='ltr'>valde</span> <span class='ocrx_word' id='word_1_145' title='bbox 447 1333 604 1372; x_wconf 82' lang='lat' dir='ltr'>frequenS,</span> 
     </span>
     <span class='ocr_line' id='line_1_28' title="bbox 34 1377 604 1422; baseline -0.009 -11"><span class='ocrx_word' id='word_1_146' title='bbox 34 1382 112 1412; x_wconf 82' lang='lat' dir='ltr'>hinc</span> <span class='ocrx_word' id='word_1_147' title='bbox 136 1380 275 1422; x_wconf 79' lang='lat' dir='ltr'>ignobile</span> <span class='ocrx_word' id='word_1_148' title='bbox 296 1390 432 1421; x_wconf 77' lang='lat' dir='ltr'>gramen</span> <span class='ocrx_word' id='word_1_149' title='bbox 445 1401 452 1416; x_wconf 93' lang='lat'>,</span> <span class='ocrx_word' id='word_1_150' title='bbox 476 1379 508 1408; x_wconf 93' lang='lat' dir='ltr'>h.</span> <span class='ocrx_word' id='word_1_151' title='bbox 534 1377 604 1407; x_wconf 81' lang='lat' dir='ltr'>her-</span> 
     </span>
     <span class='ocr_line' id='line_1_29' title="bbox 35 1427 604 1463; baseline -0.009 -5"><span class='ocrx_word' id='word_1_152' title='bbox 35 1429 86 1458; x_wconf 87' lang='lat' dir='ltr'>ba.</span> <span class='ocrx_word' id='word_1_153' title='bbox 102 1427 166 1457; x_wconf 78' lang='lat' dir='ltr'>vid.</span> <span class='ocrx_word' id='word_1_154' title='bbox 185 1427 265 1457; x_wconf 86' lang='lat' dir='ltr'>Plin.</span> <span class='ocrx_word' id='word_1_155' title='bbox 289 1427 389 1463; x_wconf 76' lang='lat' dir='ltr'>XXI,</span> <span class='ocrx_word' id='word_1_156' title='bbox 419 1436 478 1462; x_wconf 83' lang='lat'>12,</span> <span class='ocrx_word' id='word_1_157' title='bbox 501 1435 525 1454; x_wconf 87' lang='lat' dir='ltr'>s.</span> <span class='ocrx_word' id='word_1_158' title='bbox 551 1430 604 1458; x_wconf 73' lang='lat'>41.</span> 
     </span>
     <span class='ocr_line' id='line_1_30' title="bbox 36 1470 604 1514; baseline -0.011 -9"><span class='ocrx_word' id='word_1_159' title='bbox 36 1477 224 1514; x_wconf 76' lang='lat' dir='ltr'>Expressam</span> <span class='ocrx_word' id='word_1_160' title='bbox 237 1474 302 1511; x_wconf 88' lang='lat' dir='ltr'>ejus</span> <span class='ocrx_word' id='word_1_161' title='bbox 318 1471 430 1501; x_wconf 85' lang='lat' dir='ltr'>faciem</span> <span class='ocrx_word' id='word_1_162' title='bbox 443 1470 540 1500; x_wconf 86' lang='lat' dir='ltr'>habes</span> <span class='ocrx_word' id='word_1_163' title='bbox 555 1480 604 1510; x_wconf 81' lang='lat' dir='ltr'>ap.</span> 
     </span>
     <span class='ocr_line' id='line_1_31' title="bbox 37 1518 605 1556; baseline -0.009 -6"><span class='ocrx_word' id='word_1_164' title='bbox 37 1521 222 1550; x_wconf 80' lang='lat' dir='ltr'>Martinam.</span> <span class='ocrx_word' id='word_1_165' title='bbox 253 1518 293 1548; x_wconf 86' lang='lat' dir='ltr'>cf.</span> <span class='ocrx_word' id='word_1_166' title='bbox 327 1518 450 1548; x_wconf 91' lang='lat' dir='ltr'>Colum.</span> <span class='ocrx_word' id='word_1_167' title='bbox 475 1518 523 1546; x_wconf 85' lang='lat' dir='ltr'>IX</span> <span class='ocrx_word' id='word_1_168' title='bbox 533 1539 542 1553; x_wconf 88' lang='lat'>,</span> <span class='ocrx_word' id='word_1_169' title='bbox 568 1526 587 1556; x_wconf 88' lang='lat'>9</span> <span class='ocrx_word' id='word_1_170' title='bbox 597 1538 605 1551; x_wconf 87' lang='lat'>,</span> 
     </span>
     <span class='ocr_line' id='line_1_32' title="bbox 42 1561 605 1602; baseline -0.009 -6"><span class='ocrx_word' id='word_1_171' title='bbox 42 1568 80 1596; x_wconf 81' lang='lat'>13</span> <span class='ocrx_word' id='word_1_172' title='bbox 93 1588 102 1602; x_wconf 95' lang='lat'>,</span> <span class='ocrx_word' id='word_1_173' title='bbox 116 1566 173 1595; x_wconf 91' lang='lat' dir='ltr'>ubi</span> <span class='ocrx_word' id='word_1_174' title='bbox 188 1572 219 1594; x_wconf 83' lang='lat' dir='ltr'>et</span> <span class='ocrx_word' id='word_1_175' title='bbox 237 1564 289 1594; x_wconf 89' lang='lat' dir='ltr'>hic</span> <span class='ocrx_word' id='word_1_176' title='bbox 311 1574 420 1593; x_wconf 77' lang='lat' dir='ltr'>versus</span> <span class='ocrx_word' id='word_1_177' title='bbox 441 1561 586 1593; x_wconf 80' lang='lat' dir='ltr'>laudatur</span> <span class='ocrx_word' id='word_1_178' title='bbox 597 1585 605 1598; x_wconf 88' lang='lat'><strong>‚</strong></span> 
     </span>
     <span class='ocr_line' id='line_1_33' title="bbox 37 1608 606 1648; baseline -0.009 -6"><span class='ocrx_word' id='word_1_179' title='bbox 37 1620 70 1642; x_wconf 88' lang='lat' dir='ltr'>et</span> <span class='ocrx_word' id='word_1_180' title='bbox 83 1622 109 1643; x_wconf 84' lang='lat' dir='ltr'>c.</span> <span class='ocrx_word' id='word_1_181' title='bbox 127 1623 139 1641; x_wconf 92' lang='lat'>1</span> <span class='ocrx_word' id='word_1_182' title='bbox 148 1623 178 1641; x_wconf 85' lang='lat'>2.</span> <span class='ocrx_word' id='word_1_183' title='bbox 189 1628 234 1634; x_wconf 86' lang='lat'>—</span> <span class='ocrx_word' id='word_1_184' title='bbox 245 1611 299 1646; x_wconf 68' lang='lat'>64.</span> <span class='ocrx_word' id='word_1_185' title='bbox 310 1609 425 1640; x_wconf 79' lang='lat' dir='ltr'>Matris</span> <span class='ocrx_word' id='word_1_186' title='bbox 440 1608 587 1648; x_wconf 71' lang='lat' dir='ltr'>cymbala</span> <span class='ocrx_word' id='word_1_187' title='bbox 598 1630 606 1644; x_wconf 89' lang='lat'>,</span> 
     </span>
     <span class='ocr_line' id='line_1_34' title="bbox 36 1655 607 1699; baseline -0.011 -10"><span class='ocrx_word' id='word_1_188' title='bbox 36 1660 72 1689; x_wconf 87' lang='lat' dir='ltr'>in</span> <span class='ocrx_word' id='word_1_189' title='bbox 84 1660 210 1699; x_wconf 84' lang='lat' dir='ltr'>Magnae</span> <span class='ocrx_word' id='word_1_190' title='bbox 231 1658 342 1687; x_wconf 77' lang='lat' dir='ltr'>Matris</span> <span class='ocrx_word' id='word_1_191' title='bbox 357 1658 498 1686; x_wconf 88' lang='lat' dir='ltr'>Deorum</span> <span class='ocrx_word' id='word_1_192' title='bbox 510 1677 519 1692; x_wconf 87' lang='lat'>‚</span> <span class='ocrx_word' id='word_1_193' title='bbox 545 1655 607 1694; x_wconf 80' lang='lat' dir='ltr'>Cy-</span> 
     </span>
     <span class='ocr_line' id='line_1_35' title="bbox 36 1701 609 1741; baseline -0.009 -7"><span class='ocrx_word' id='word_1_194' title='bbox 36 1704 122 1734; x_wconf 82' lang='lat' dir='ltr'>beles</span> <span class='ocrx_word' id='word_1_195' title='bbox 134 1727 142 1741; x_wconf 96' lang='lat'><strong><em>‚</em></strong></span> <span class='ocrx_word' id='word_1_196' title='bbox 165 1704 260 1733; x_wconf 86' lang='lat' dir='ltr'>sacris</span> <span class='ocrx_word' id='word_1_197' title='bbox 281 1702 425 1732; x_wconf 83' lang='lat' dir='ltr'>adhiberi</span> <span class='ocrx_word' id='word_1_198' title='bbox 440 1701 529 1731; x_wconf 87' lang='lat' dir='ltr'>solita</span> <span class='ocrx_word' id='word_1_199' title='bbox 540 1722 548 1737; x_wconf 82' lang='grc'>,</span> <span class='ocrx_word' id='word_1_200' title='bbox 572 1706 609 1729; x_wconf 88' lang='lat' dir='ltr'>ut</span> 
     </span>
     <span class='ocr_line' id='line_1_36' title="bbox 39 1747 609 1781; baseline -0.011 0"><span class='ocrx_word' id='word_1_201' title='bbox 39 1758 160 1781; x_wconf 85' lang='lat' dir='ltr'>notum.</span> <span class='ocrx_word' id='word_1_202' title='bbox 201 1750 348 1780; x_wconf 87' lang='lat' dir='ltr'>Ceterum</span> <span class='ocrx_word' id='word_1_203' title='bbox 376 1749 495 1778; x_wconf 76' lang='lat' dir='ltr'>tinnitu</span> <span class='ocrx_word' id='word_1_204' title='bbox 531 1747 609 1776; x_wconf 76' lang='lat' dir='ltr'>aeris</span> 
     </span>
     <span class='ocr_line' id='line_1_37' title="bbox 40 1792 608 1837; baseline -0.009 -11"><span class='ocrx_word' id='word_1_205' title='bbox 40 1807 112 1837; x_wconf 80' lang='lat' dir='ltr'>apes</span> <span class='ocrx_word' id='word_1_206' title='bbox 129 1797 214 1837; x_wconf 84' lang='lat' dir='ltr'>cogi,</span> <span class='ocrx_word' id='word_1_207' title='bbox 232 1803 263 1826; x_wconf 86' lang='lat' dir='ltr'>et</span> <span class='ocrx_word' id='word_1_208' title='bbox 280 1797 315 1826; x_wconf 91' lang='lat' dir='ltr'>in</span> <span class='ocrx_word' id='word_1_209' title='bbox 336 1795 470 1824; x_wconf 80' lang='lat' dir='ltr'>alvearia</span> <span class='ocrx_word' id='word_1_210' title='bbox 494 1792 589 1822; x_wconf 87' lang='lat' dir='ltr'>condi</span> <span class='ocrx_word' id='word_1_211' title='bbox 600 1815 608 1828; x_wconf 91' lang='lat'>,</span> 
     </span>
     <span class='ocr_line' id='line_1_38' title="bbox 40 1839 609 1883; baseline -0.009 -11"><span class='ocrx_word' id='word_1_212' title='bbox 40 1853 89 1872; x_wconf 86' lang='lat' dir='ltr'>res</span> <span class='ocrx_word' id='word_1_213' title='bbox 112 1842 236 1883; x_wconf 83' lang='lat' dir='ltr'>vulgari</span> <span class='ocrx_word' id='word_1_214' title='bbox 258 1852 318 1871; x_wconf 86' lang='lat' dir='ltr'>usu</span> <span class='ocrx_word' id='word_1_215' title='bbox 347 1841 485 1881; x_wconf 80' lang='lat' dir='ltr'>cognita.</span> <span class='ocrx_word' id='word_1_216' title='bbox 512 1839 609 1869; x_wconf 81' lang='lat' dir='ltr'>Caus-</span> 
     </span>
     <span class='ocr_line' id='line_1_39' title="bbox 40 1886 609 1924; baseline -0.007 -7"><span class='ocrx_word' id='word_1_217' title='bbox 40 1899 106 1918; x_wconf 86' lang='lat' dir='ltr'>sam</span> <span class='ocrx_word' id='word_1_218' title='bbox 128 1888 180 1917; x_wconf 86' lang='lat' dir='ltr'>alii</span> <span class='ocrx_word' id='word_1_219' title='bbox 195 1898 211 1917; x_wconf 89' lang='lat' dir='ltr'>a</span> <span class='ocrx_word' id='word_1_220' title='bbox 228 1895 333 1924; x_wconf 85' lang='lat' dir='ltr'>metu,</span> <span class='ocrx_word' id='word_1_221' title='bbox 360 1893 395 1916; x_wconf 90' lang='lat' dir='ltr'>ut</span> <span class='ocrx_word' id='word_1_222' title='bbox 419 1888 521 1915; x_wconf 84' lang='lat' dir='ltr'>Varro</span> <span class='ocrx_word' id='word_1_223' title='bbox 542 1886 609 1921; x_wconf 89' lang='lat' dir='ltr'>III,</span> 
     </span>
     <span class='ocr_line' id='line_1_40' title="bbox 46 1932 610 1971; baseline -0.011 -7"><span class='ocrx_word' id='word_1_224' title='bbox 46 1935 98 1971; x_wconf 88' lang='lat'>16,</span> <span class='ocrx_word' id='word_1_225' title='bbox 116 1935 177 1970; x_wconf 83' lang='lat' dir='ltr'>3o;</span> <span class='ocrx_word' id='word_1_226' title='bbox 195 1933 397 1968; x_wconf 86' lang='lat' dir='ltr'>Colum.IX,</span> <span class='ocrx_word' id='word_1_227' title='bbox 414 1932 451 1967; x_wconf 82' lang='lat'>8,</span> <span class='ocrx_word' id='word_1_228' title='bbox 471 1941 530 1968; x_wconf 88' lang='lat'>10,</span> <span class='ocrx_word' id='word_1_229' title='bbox 552 1940 610 1967; x_wconf 83' lang='lat'>12,</span> 
     </span>
     <span class='ocr_line' id='line_1_41' title="bbox 48 1978 610 2020; baseline -0.009 -10"><span class='ocrx_word' id='word_1_230' title='bbox 48 1991 60 2010; x_wconf 83' lang='lat'>1</span> <span class='ocrx_word' id='word_1_231' title='bbox 75 2003 84 2017; x_wconf 85' lang='lat'>,</span> <span class='ocrx_word' id='word_1_232' title='bbox 110 1979 197 2020; x_wconf 86' lang='lat' dir='ltr'>qnod</span> <span class='ocrx_word' id='word_1_233' title='bbox 217 1979 360 2019; x_wconf 84' lang='lat' dir='ltr'>sequitur</span> <span class='ocrx_word' id='word_1_234' title='bbox 380 1980 525 2008; x_wconf 87' lang='lat' dir='ltr'>Lucanus</span> <span class='ocrx_word' id='word_1_235' title='bbox 544 1978 590 2006; x_wconf 86' lang='lat' dir='ltr'>IX</span> <span class='ocrx_word' id='word_1_236' title='bbox 602 1999 610 2013; x_wconf 88' lang='lat'>,</span> 
     </span>
     <span class='ocr_line' id='line_1_42' title="bbox 47 2022 614 2066; baseline -0.009 -10"><span class='ocrx_word' id='word_1_237' title='bbox 47 2022 113 2062; x_wconf 70' lang='lat'>‘284</span> <span class='ocrx_word' id='word_1_238' title='bbox 129 2036 196 2066; x_wconf 85' lang='lat' dir='ltr'>sqq.</span> <span class='ocrx_word' id='word_1_239' title='bbox 213 2024 429 2066; x_wconf 84' lang='lat' dir='ltr'>pulcherrimo</span> <span class='ocrx_word' id='word_1_240' title='bbox 444 2023 536 2060; x_wconf 83' lang='lat' dir='ltr'>loco3</span> <span class='ocrx_word' id='word_1_241' title='bbox 561 2022 614 2052; x_wconf 84' lang='lat' dir='ltr'>alii</span> 
     </span>
     <span class='ocr_line' id='line_1_43' title="bbox 46 2069 612 2112; baseline -0.009 -9"><span class='ocrx_word' id='word_1_242' title='bbox 46 2084 63 2102; x_wconf 81' lang='lat' dir='ltr'>a</span> <span class='ocrx_word' id='word_1_243' title='bbox 76 2072 239 2112; x_wconf 84' lang='lat' dir='ltr'>voluptate</span> <span class='ocrx_word' id='word_1_244' title='bbox 249 2093 257 2108; x_wconf 94' lang='lat'>,</span> <span class='ocrx_word' id='word_1_245' title='bbox 275 2081 370 2112; x_wconf 84' lang='lat' dir='ltr'>qnam</span> <span class='ocrx_word' id='word_1_246' title='bbox 385 2081 426 2100; x_wconf 82' lang='lat' dir='ltr'>ex</span> <span class='ocrx_word' id='word_1_247' title='bbox 441 2069 548 2099; x_wconf 87' lang='lat' dir='ltr'>souitu</span> <span class='ocrx_word' id='word_1_248' title='bbox 563 2078 612 2098; x_wconf 86' lang='lat' dir='ltr'>ca-</span> 
     </span>
     <span class='ocr_line' id='line_1_44' title="bbox 46 2116 614 2160; baseline -0.009 -11"><span class='ocrx_word' id='word_1_249' title='bbox 46 2120 159 2160; x_wconf 77' lang='lat' dir='ltr'>piunt,</span> <span class='ocrx_word' id='word_1_250' title='bbox 180 2123 312 2158; x_wconf 88' lang='lat' dir='ltr'>petunt,</span> <span class='ocrx_word' id='word_1_251' title='bbox 332 2124 369 2146; x_wconf 91' lang='lat' dir='ltr'>ut</span> <span class='ocrx_word' id='word_1_252' title='bbox 384 2117 516 2147; x_wconf 83' lang='lat' dir='ltr'>Aristot.</span> <span class='ocrx_word' id='word_1_253' title='bbox 533 2116 614 2145; x_wconf 83' lang='lat' dir='ltr'>Hist.</span> 
     </span>
     <span class='ocr_line' id='line_1_45' title="bbox 49 2163 615 2200; baseline -0.009 -5"><span class='ocrx_word' id='word_1_254' title='bbox 49 2164 157 2195; x_wconf 83' lang='lat' dir='ltr'>Anim.</span> <span class='ocrx_word' id='word_1_255' title='bbox 175 2165 241 2200; x_wconf 82' lang='lat' dir='ltr'>IX,</span> <span class='ocrx_word' id='word_1_256' title='bbox 260 2169 302 2198; x_wconf 79' lang='grc' dir='ltr'>4ο</span> <span class='ocrx_word' id='word_1_257' title='bbox 315 2174 323 2200; x_wconf 89' lang='grc'><strong>;</strong></span> <span class='ocrx_word' id='word_1_258' title='bbox 337 2163 417 2193; x_wconf 86' lang='lat' dir='ltr'>Plin.</span> <span class='ocrx_word' id='word_1_259' title='bbox 431 2163 499 2198; x_wconf 87' lang='lat' dir='ltr'>XI,</span> <span class='ocrx_word' id='word_1_260' title='bbox 516 2171 577 2198; x_wconf 86' lang='lat'>20,</span> <span class='ocrx_word' id='word_1_261' title='bbox 590 2171 615 2190; x_wconf 86' lang='lat' dir='ltr'>s.</span> 
     </span>
    </p>
   </div>
   <div class='ocr_carea' id='block_1_5' title="bbox 652 639 1227 1187">
    <p class='ocr_par' dir='ltr' id='par_1_6' title="bbox 652 639 1227 1187">
     <span class='ocr_line' id='line_1_46' title="bbox 655 639 1220 684; baseline -0.012 -10"><span class='ocrx_word' id='word_1_262' title='bbox 655 644 808 684; x_wconf 65' lang='lat' dir='ltr'>Virgilius</span> <span class='ocrx_word' id='word_1_263' title='bbox 830 643 920 682; x_wconf 85' lang='lat' dir='ltr'>sequi</span> <span class='ocrx_word' id='word_1_264' title='bbox 935 641 1061 670; x_wconf 77' lang='lat' dir='ltr'>videtur</span> <span class='ocrx_word' id='word_1_265' title='bbox 1082 639 1139 668; x_wconf 87' lang='lat' dir='ltr'>inf.</span> <span class='ocrx_word' id='word_1_266' title='bbox 1162 640 1199 668; x_wconf 83' lang='lat'>15</span> <span class='ocrx_word' id='word_1_267' title='bbox 1211 649 1220 667; x_wconf 84' lang='lat' dir='ltr'>t</span> 
     </span>
     <span class='ocr_line' id='line_1_47' title="bbox 659 685 1225 726; baseline -0.014 -6"><span class='ocrx_word' id='word_1_268' title='bbox 659 691 803 720; x_wconf 72' lang='lat' dir='ltr'>Curetum</span> <span class='ocrx_word' id='word_1_269' title='bbox 827 687 947 718; x_wconf 78' lang='lat' dir='ltr'>sonitus</span> <span class='ocrx_word' id='word_1_270' title='bbox 972 685 1225 726; x_wconf 72' lang='lat' dir='ltr'>crepitantiaque</span> 
     </span>
     <span class='ocr_line' id='line_1_48' title="bbox 655 733 1226 776; baseline -0.014 -9"><span class='ocrx_word' id='word_1_271' title='bbox 655 747 722 767; x_wconf 80' lang='lat' dir='ltr'>oera</span> <span class='ocrx_word' id='word_1_272' title='bbox 737 743 886 776; x_wconf 66' lang='lat' dir='ltr'>sequutae.</span> <span class='ocrx_word' id='word_1_273' title='bbox 910 736 1030 763; x_wconf 85' lang='lat' dir='ltr'>Locum</span> <span class='ocrx_word' id='word_1_274' title='bbox 1046 733 1141 761; x_wconf 78' lang='lat' dir='ltr'>etiam</span> <span class='ocrx_word' id='word_1_275' title='bbox 1154 739 1226 760; x_wconf 84' lang='lat' dir='ltr'>ante</span> 
     </span>
     <span class='ocr_line' id='line_1_49' title="bbox 655 778 1227 814; baseline -0.012 -1"><span class='ocrx_word' id='word_1_276' title='bbox 655 783 765 814; x_wconf 86' lang='lat' dir='ltr'>oculos</span> <span class='ocrx_word' id='word_1_277' title='bbox 781 782 892 811; x_wconf 86' lang='lat' dir='ltr'>habuit</span> <span class='ocrx_word' id='word_1_278' title='bbox 905 779 1068 810; x_wconf 85' lang='lat' dir='ltr'>Claudian.</span> <span class='ocrx_word' id='word_1_279' title='bbox 1083 778 1227 808; x_wconf 75' lang='lat' dir='ltr'>XXVIII</span> 
     </span>
     <span class='ocr_line' id='line_1_50' title="bbox 656 823 1224 871; baseline -0.014 -12"><span class='ocrx_word' id='word_1_280' title='bbox 656 830 668 871; x_wconf 92' lang='lat'>(</span> <span class='ocrx_word' id='word_1_281' title='bbox 682 829 720 858; x_wconf 91' lang='lat' dir='ltr'>de</span> <span class='ocrx_word' id='word_1_282' title='bbox 749 830 796 858; x_wconf 71' lang='lat' dir='ltr'>‘VI</span> <span class='ocrx_word' id='word_1_283' title='bbox 823 828 918 858; x_wconf 86' lang='lat' dir='ltr'>Cons.</span> <span class='ocrx_word' id='word_1_284' title='bbox 944 828 1069 856; x_wconf 87' lang='lat' dir='ltr'>Honor.</span> <span class='ocrx_word' id='word_1_285' title='bbox 1095 823 1125 863; x_wconf 86' lang='lat'>)‚</span> <span class='ocrx_word' id='word_1_286' title='bbox 1160 824 1224 860; x_wconf 74' lang='lat'>259</span> 
     </span>
     <span class='ocr_line' id='line_1_51' title="bbox 652 869 1224 916; baseline -0.016 -10"><span class='ocrx_word' id='word_1_287' title='bbox 652 887 719 916; x_wconf 85' lang='lat' dir='ltr'>sqq.</span> <span class='ocrx_word' id='word_1_288' title='bbox 742 890 789 897; x_wconf 88' lang='lat'>--</span> <span class='ocrx_word' id='word_1_289' title='bbox 806 874 861 904; x_wconf 82' lang='lat'>65.</span> <span class='ocrx_word' id='word_1_290' title='bbox 891 871 1073 907; x_wconf 68' lang='lat' dir='ltr'>Coricidunc</span> <span class='ocrx_word' id='word_1_291' title='bbox 1092 869 1224 899; x_wconf 85' lang='lat' dir='ltr'>Mentel.</span> 
     </span>
     <span class='ocr_line' id='line_1_52' title="bbox 652 915 1226 962; baseline -0.012 -12"><span class='ocrx_word' id='word_1_292' title='bbox 652 932 700 962; x_wconf 87' lang='lat' dir='ltr'>pr.</span> <span class='ocrx_word' id='word_1_293' title='bbox 712 922 828 951; x_wconf 82' lang='lat' dir='ltr'>Moret.</span> <span class='ocrx_word' id='word_1_294' title='bbox 840 930 902 949; x_wconf 85' lang='lat' dir='ltr'>sec.</span> <span class='ocrx_word' id='word_1_295' title='bbox 914 941 922 955; x_wconf 93' lang='lat'>,</span> <span class='ocrx_word' id='word_1_296' title='bbox 937 925 968 947; x_wconf 90' lang='lat' dir='ltr'>et</span> <span class='ocrx_word' id='word_1_297' title='bbox 981 926 1059 947; x_wconf 79' lang='lat' dir='ltr'>mox</span> <span class='ocrx_word' id='word_1_298' title='bbox 1073 915 1226 944; x_wconf 73' lang='lat' dir='ltr'>condunt.</span> 
     </span>
     <span class='ocr_line' id='line_1_53' title="bbox 659 961 1227 1003; baseline -0.014 -7"><span class='ocrx_word' id='word_1_299' title='bbox 659 966 836 997; x_wconf 80' lang='lat' dir='ltr'>Concident</span> <span class='ocrx_word' id='word_1_300' title='bbox 861 964 958 994; x_wconf 78' lang='lat' dir='ltr'>Goth.</span> <span class='ocrx_word' id='word_1_301' title='bbox 987 974 1037 1003; x_wconf 87' lang='lat' dir='ltr'>pr.</span> <span class='ocrx_word' id='word_1_302' title='bbox 1067 961 1227 990; x_wconf 75' lang='lat' dir='ltr'>meditatis</span> 
     </span>
     <span class='ocr_line' id='line_1_54' title="bbox 656 1006 1224 1043; baseline -0.016 0"><span class='ocrx_word' id='word_1_303' title='bbox 656 1015 767 1043; x_wconf 85' lang='lat' dir='ltr'>Franc.</span> <span class='ocrx_word' id='word_1_304' title='bbox 778 1028 824 1034; x_wconf 92' lang='lat'>—</span> <span class='ocrx_word' id='word_1_305' title='bbox 840 1008 1009 1039; x_wconf 63' lang='lat' dir='ltr'>BIedicueis</span> <span class='ocrx_word' id='word_1_306' title='bbox 1028 1006 1150 1036; x_wconf 80' lang='lat' dir='ltr'>sedibus</span> <span class='ocrx_word' id='word_1_307' title='bbox 1160 1029 1169 1041; x_wconf 87' lang='lat'>,</span> <span class='ocrx_word' id='word_1_308' title='bbox 1192 1007 1224 1035; x_wconf 88' lang='lat' dir='ltr'>h.</span> 
     </span>
     <span class='ocr_line' id='line_1_55' title="bbox 656 1051 1225 1094; baseline -0.014 -6"><span class='ocrx_word' id='word_1_309' title='bbox 656 1060 691 1088; x_wconf 87' lang='lat' dir='ltr'>in</span> <span class='ocrx_word' id='word_1_310' title='bbox 706 1059 779 1087; x_wconf 88' lang='lat' dir='ltr'>loco</span> <span class='ocrx_word' id='word_1_311' title='bbox 792 1057 894 1086; x_wconf 84' lang='lat' dir='ltr'>succis</span> <span class='ocrx_word' id='word_1_312' title='bbox 907 1055 1053 1094; x_wconf 83' lang='lat' dir='ltr'>adsperso</span> <span class='ocrx_word' id='word_1_313' title='bbox 1070 1060 1101 1082; x_wconf 87' lang='lat' dir='ltr'>et</span> <span class='ocrx_word' id='word_1_314' title='bbox 1114 1051 1225 1081; x_wconf 86' lang='lat' dir='ltr'>oblito.</span> 
     </span>
     <span class='ocr_line' id='line_1_56' title="bbox 656 1097 1226 1133; baseline -0.014 1"><span class='ocrx_word' id='word_1_315' title='bbox 656 1103 821 1133; x_wconf 72' lang='lat' dir='ltr'>BIedicare</span> <span class='ocrx_word' id='word_1_316' title='bbox 849 1100 974 1130; x_wconf 77' lang='lat' dir='ltr'>semina</span> <span class='ocrx_word' id='word_1_317' title='bbox 1001 1097 1139 1128; x_wconf 72' lang='lat' dir='ltr'>vidimus</span> <span class='ocrx_word' id='word_1_318' title='bbox 1167 1098 1226 1127; x_wconf 85' lang='lat' dir='ltr'>Ge.</span> 
     </span>
     <span class='ocr_line' id='line_1_57' title="bbox 658 1142 1227 1187; baseline -0.014 -8"><span class='ocrx_word' id='word_1_319' title='bbox 658 1151 674 1178; x_wconf 97' lang='lat' dir='ltr'>I</span> <span class='ocrx_word' id='word_1_320' title='bbox 685 1172 692 1186; x_wconf 96' lang='lat'>,</span> <span class='ocrx_word' id='word_1_321' title='bbox 716 1149 789 1187; x_wconf 84' lang='lat'>193.</span> <span class='ocrx_word' id='word_1_322' title='bbox 804 1145 968 1176; x_wconf 76' lang='lat' dir='ltr'>Cunabula</span> <span class='ocrx_word' id='word_1_323' title='bbox 985 1142 1117 1185; x_wconf 85' lang='lat' dir='ltr'>pulchre</span> <span class='ocrx_word' id='word_1_324' title='bbox 1129 1165 1138 1179; x_wconf 94' lang='lat'>,</span> <span class='ocrx_word' id='word_1_325' title='bbox 1154 1144 1227 1184; x_wconf 82' lang='lat' dir='ltr'>quia</span> 
     </span>
    </p>
   </div>
   <div class='ocr_carea' id='block_1_6' title="bbox 658 1194 1242 2194">
    <p class='ocr_par' dir='ltr' id='par_1_7' title="bbox 659 1194 901 1232">
     <span class='ocr_line' id='line_1_58' title="bbox 659 1194 901 1232; baseline -0.012 -9"><span class='ocrx_word' id='word_1_326' title='bbox 659 1194 698 1224; x_wconf 89' lang='lat' dir='ltr'>de</span> <span class='ocrx_word' id='word_1_327' title='bbox 714 1195 781 1223; x_wconf 86' lang='lat' dir='ltr'>fetu</span> <span class='ocrx_word' id='word_1_328' title='bbox 796 1203 901 1232; x_wconf 83' lang='lat' dir='ltr'>apum.</span> 
     </span>
    </p>

    <p class='ocr_par' dir='ltr' id='par_1_8' title="bbox 658 1233 1242 2194">
     <span class='ocr_line' id='line_1_59' title="bbox 707 1233 1226 1279; baseline -0.015 -10"><span class='ocrx_word' id='word_1_329' title='bbox 707 1239 761 1269; x_wconf 83' lang='lat'>68.</span> <span class='ocrx_word' id='word_1_330' title='bbox 778 1237 913 1279; x_wconf 78' lang='lat' dir='ltr'>Regibus</span> <span class='ocrx_word' id='word_1_331' title='bbox 923 1235 1048 1266; x_wconf 78' lang='lat' dir='ltr'>incessit</span> <span class='ocrx_word' id='word_1_332' title='bbox 1056 1233 1226 1269; x_wconf 83' lang='lat' dir='ltr'>discordia,</span> 
     </span>
     <span class='ocr_line' id='line_1_60' title="bbox 660 1279 1228 1325; baseline -0.012 -11"><span class='ocrx_word' id='word_1_333' title='bbox 660 1295 719 1325; x_wconf 87' lang='lat' dir='ltr'>pro</span> <span class='ocrx_word' id='word_1_334' title='bbox 734 1284 858 1323; x_wconf 79' lang='lat' dir='ltr'>vulgari</span> <span class='ocrx_word' id='word_1_335' title='bbox 870 1283 1008 1318; x_wconf 79' lang='lat' dir='ltr'>ratione,</span> <span class='ocrx_word' id='word_1_336' title='bbox 1022 1290 1111 1321; x_wconf 77' lang='lat' dir='ltr'>reges</span> <span class='ocrx_word' id='word_1_337' title='bbox 1131 1279 1228 1308; x_wconf 77' lang='lat' dir='ltr'>inces-</span> 
     </span>
     <span class='ocr_line' id='line_1_61' title="bbox 658 1331 1228 1370; baseline -0.014 -9"><span class='ocrx_word' id='word_1_338' title='bbox 658 1331 707 1361; x_wconf 84' lang='lat' dir='ltr'>sit.</span> <span class='ocrx_word' id='word_1_339' title='bbox 727 1332 842 1370; x_wconf 76' lang='lat' dir='ltr'>Reges,</span> <span class='ocrx_word' id='word_1_340' title='bbox 860 1338 940 1368; x_wconf 91' lang='lat' dir='ltr'>quos</span> <span class='ocrx_word' id='word_1_341' title='bbox 956 1337 1041 1357; x_wconf 89' lang='lat' dir='ltr'>nunc</span> <span class='ocrx_word' id='word_1_342' title='bbox 1056 1336 1150 1366; x_wconf 84' lang='lat' dir='ltr'>apum</span> <span class='ocrx_word' id='word_1_343' title='bbox 1165 1336 1228 1354; x_wconf 82' lang='lat' dir='ltr'>nla-</span> 
     </span>
     <span class='ocr_line' id='line_1_62' title="bbox 659 1373 1231 1413; baseline -0.012 -7"><span class='ocrx_word' id='word_1_344' title='bbox 659 1384 721 1407; x_wconf 82' lang='lat' dir='ltr'>tres</span> <span class='ocrx_word' id='word_1_345' title='bbox 738 1385 802 1405; x_wconf 84' lang='lat' dir='ltr'>esse</span> <span class='ocrx_word' id='word_1_346' title='bbox 818 1376 941 1404; x_wconf 88' lang='lat' dir='ltr'>scimus.</span> <span class='ocrx_word' id='word_1_347' title='bbox 958 1373 1151 1413; x_wconf 78' lang='lat' dir='ltr'>Dignitatem</span> <span class='ocrx_word' id='word_1_348' title='bbox 1164 1381 1231 1400; x_wconf 85' lang='lat' dir='ltr'>car-</span> 
     </span>
     <span class='ocr_line' id='line_1_63' title="bbox 660 1416 1231 1458; baseline -0.012 -6"><span class='ocrx_word' id='word_1_349' title='bbox 660 1423 753 1452; x_wconf 83' lang='lat' dir='ltr'>minis</span> <span class='ocrx_word' id='word_1_350' title='bbox 773 1422 807 1451; x_wconf 87' lang='lat' dir='ltr'>in</span> <span class='ocrx_word' id='word_1_351' title='bbox 834 1431 867 1450; x_wconf 86' lang='lat' dir='ltr'>re</span> <span class='ocrx_word' id='word_1_352' title='bbox 888 1420 976 1450; x_wconf 85' lang='lat' dir='ltr'>tenui</span> <span class='ocrx_word' id='word_1_353' title='bbox 990 1420 1023 1447; x_wconf 88' lang='lat' dir='ltr'>in</span> <span class='ocrx_word' id='word_1_354' title='bbox 1044 1428 1111 1458; x_wconf 86' lang='lat' dir='ltr'>sqq.</span> <span class='ocrx_word' id='word_1_355' title='bbox 1134 1416 1231 1446; x_wconf 85' lang='lat' dir='ltr'>admi-</span> 
     </span>
     <span class='ocr_line' id='line_1_64' title="bbox 659 1462 1231 1507; baseline -0.012 -9"><span class='ocrx_word' id='word_1_356' title='bbox 659 1470 723 1498; x_wconf 88' lang='lat' dir='ltr'>rari</span> <span class='ocrx_word' id='word_1_357' title='bbox 740 1468 813 1497; x_wconf 83' lang='lat' dir='ltr'>satis</span> <span class='ocrx_word' id='word_1_358' title='bbox 828 1476 974 1507; x_wconf 78' lang='lat' dir='ltr'>nequeas.</span> <span class='ocrx_word' id='word_1_359' title='bbox 988 1481 1034 1487; x_wconf 89' lang='lat'>—-</span> <span class='ocrx_word' id='word_1_360' title='bbox 1052 1464 1106 1503; x_wconf 82' lang='lat'>69.</span> <span class='ocrx_word' id='word_1_361' title='bbox 1128 1462 1231 1492; x_wconf 80' lang='lat' dir='ltr'>Corda</span> 
     </span>
     <span class='ocr_line' id='line_1_65' title="bbox 660 1509 1232 1553; baseline -0.014 -8"><span class='ocrx_word' id='word_1_362' title='bbox 660 1515 743 1544; x_wconf 86' lang='lat' dir='ltr'>bello</span> <span class='ocrx_word' id='word_1_363' title='bbox 758 1512 966 1553; x_wconf 78' lang='lat' dir='ltr'>trepidantia,</span> <span class='ocrx_word' id='word_1_364' title='bbox 979 1510 1011 1540; x_wconf 90' lang='lat' dir='ltr'>h.</span> <span class='ocrx_word' id='word_1_365' title='bbox 1027 1510 1147 1539; x_wconf 84' lang='lat' dir='ltr'>animos</span> <span class='ocrx_word' id='word_1_366' title='bbox 1155 1509 1232 1538; x_wconf 86' lang='lat' dir='ltr'>belli</span> 
     </span>
     <span class='ocr_line' id='line_1_66' title="bbox 662 1556 1232 1601; baseline -0.012 -11"><span class='ocrx_word' id='word_1_367' title='bbox 662 1560 848 1601; x_wconf 77' lang='lat' dir='ltr'>cupiditate,</span> <span class='ocrx_word' id='word_1_368' title='bbox 862 1567 978 1599; x_wconf 65' lang='lat' dir='ltr'>pugnae</span> <span class='ocrx_word' id='word_1_369' title='bbox 993 1556 1104 1586; x_wconf 85' lang='lat' dir='ltr'>ardore</span> <span class='ocrx_word' id='word_1_370' title='bbox 1113 1578 1121 1593; x_wconf 85' lang='lat'>,</span> <span class='ocrx_word' id='word_1_371' title='bbox 1136 1556 1232 1595; x_wconf 76' lang='lat' dir='ltr'>trepi-</span> 
     </span>
     <span class='ocr_line' id='line_1_67' title="bbox 662 1604 1233 1642; baseline -0.012 -6"><span class='ocrx_word' id='word_1_372' title='bbox 662 1607 821 1642; x_wconf 69' lang='lat' dir='ltr'>dantium,</span> <span class='ocrx_word' id='word_1_373' title='bbox 843 1604 1058 1634; x_wconf 82' lang='lat' dir='ltr'>festinantium</span> <span class='ocrx_word' id='word_1_374' title='bbox 1069 1624 1077 1639; x_wconf 91' lang='lat'>,</span> <span class='ocrx_word' id='word_1_375' title='bbox 1093 1608 1233 1642; x_wconf 80' lang='lat' dir='ltr'>satagen-</span> 
     </span>
     <span class='ocr_line' id='line_1_68' title="bbox 661 1649 1235 1690; baseline -0.012 -8"><span class='ocrx_word' id='word_1_376' title='bbox 661 1655 756 1690; x_wconf 87' lang='lat' dir='ltr'>tium,</span> <span class='ocrx_word' id='word_1_377' title='bbox 778 1651 855 1681; x_wconf 88' lang='lat' dir='ltr'>dum</span> <span class='ocrx_word' id='word_1_378' title='bbox 877 1661 908 1680; x_wconf 86' lang='lat' dir='ltr'>se</span> <span class='ocrx_word' id='word_1_379' title='bbox 932 1649 971 1679; x_wconf 84' lang='lat' dir='ltr'>ad</span> <span class='ocrx_word' id='word_1_380' title='bbox 992 1649 1111 1678; x_wconf 87' lang='lat' dir='ltr'>bellum</span> <span class='ocrx_word' id='word_1_381' title='bbox 1135 1649 1235 1677; x_wconf 85' lang='lat' dir='ltr'>accin-</span> 
     </span>
     <span class='ocr_line' id='line_1_69' title="bbox 662 1694 1230 1739; baseline -0.016 -10"><span class='ocrx_word' id='word_1_382' title='bbox 662 1705 758 1739; x_wconf 83' lang='lat' dir='ltr'>gunt,</span> <span class='ocrx_word' id='word_1_383' title='bbox 782 1705 819 1727; x_wconf 87' lang='lat' dir='ltr'>ut</span> <span class='ocrx_word' id='word_1_384' title='bbox 840 1707 917 1727; x_wconf 76' lang='lat' dir='ltr'>mox</span> <span class='ocrx_word' id='word_1_385' title='bbox 943 1694 1075 1735; x_wconf 71' lang='lat' dir='ltr'>trepida&gt;</span> <span class='ocrx_word' id='word_1_386' title='bbox 1102 1699 1230 1727; x_wconf 80' lang='lat' dir='ltr'>coeunt,</span> 
     </span>
     <span class='ocr_line' id='line_1_70' title="bbox 661 1739 1237 1781; baseline -0.016 -6"><span class='ocrx_word' id='word_1_387' title='bbox 661 1745 694 1776; x_wconf 86' lang='lat' dir='ltr'>h.</span> <span class='ocrx_word' id='word_1_388' title='bbox 723 1745 914 1774; x_wconf 78' lang='lat' dir='ltr'>festinantes.</span> <span class='ocrx_word' id='word_1_389' title='bbox 940 1743 1109 1781; x_wconf 82' lang='lat' dir='ltr'>Apponam</span> <span class='ocrx_word' id='word_1_390' title='bbox 1136 1739 1237 1769; x_wconf 74' lang='lat' dir='ltr'>Servii</span> 
     </span>
     <span class='ocr_line' id='line_1_71' title="bbox 662 1785 1236 1828; baseline -0.016 -7"><span class='ocrx_word' id='word_1_391' title='bbox 662 1798 792 1821; x_wconf 83' lang='lat' dir='ltr'>notam:</span> <span class='ocrx_word' id='word_1_392' title='bbox 817 1805 831 1815; x_wconf 80' lang='lat' dir='ltr'>u</span> <span class='ocrx_word' id='word_1_393' title='bbox 846 1785 1040 1828; x_wconf 77' lang='lat' dir='ltr'>trepidantia</span> <span class='ocrx_word' id='word_1_394' title='bbox 1065 1785 1147 1815; x_wconf 79' lang='lat' dir='ltr'>hello·</span> <span class='ocrx_word' id='word_1_395' title='bbox 1171 1795 1236 1813; x_wconf 81' lang='lat' dir='ltr'>cor-</span> 
     </span>
     <span class='ocr_line' id='line_1_72' title="bbox 664 1831 1235 1874; baseline -0.016 -7"><span class='ocrx_word' id='word_1_396' title='bbox 664 1838 723 1873; x_wconf 81' lang='lat' dir='ltr'>da,</span> <span class='ocrx_word' id='word_1_397' title='bbox 742 1837 898 1866; x_wconf 83' lang='lat' dir='ltr'>alacritate</span> <span class='ocrx_word' id='word_1_398' title='bbox 915 1831 1079 1874; x_wconf 75' lang='lat' dir='ltr'>pugnandi</span> <span class='ocrx_word' id='word_1_399' title='bbox 1090 1854 1098 1868; x_wconf 94' lang='lat'>,</span> <span class='ocrx_word' id='word_1_400' title='bbox 1115 1841 1180 1860; x_wconf 91' lang='lat' dir='ltr'>non</span> <span class='ocrx_word' id='word_1_401' title='bbox 1196 1831 1235 1859; x_wconf 79' lang='lat' dir='ltr'>ti-</span> 
     </span>
     <span class='ocr_line' id='line_1_73' title="bbox 663 1876 1237 1915; baseline -0.016 -2"><span class='ocrx_word' id='word_1_402' title='bbox 663 1894 781 1913; x_wconf 77' lang='lat' dir='ltr'>more.»</span> <span class='ocrx_word' id='word_1_403' title='bbox 795 1881 885 1912; x_wconf 87' lang='lat' dir='ltr'>Alibi</span> <span class='ocrx_word' id='word_1_404' title='bbox 901 1881 958 1910; x_wconf 88' lang='lat' dir='ltr'>Ge.</span> <span class='ocrx_word' id='word_1_405' title='bbox 977 1880 1037 1915; x_wconf 90' lang='lat' dir='ltr'>III,</span> <span class='ocrx_word' id='word_1_406' title='bbox 1058 1877 1120 1907; x_wconf 82' lang='lat'>105</span> <span class='ocrx_word' id='word_1_407' title='bbox 1135 1876 1237 1906; x_wconf 71' lang='lat' dir='ltr'>exsul-</span> 
     </span>
     <span class='ocr_line' id='line_1_74' title="bbox 666 1924 1240 1968; baseline -0.016 -9"><span class='ocrx_word' id='word_1_408' title='bbox 666 1929 832 1968; x_wconf 80' lang='lat' dir='ltr'>tantiaque</span> <span class='ocrx_word' id='word_1_409' title='bbox 864 1925 970 1956; x_wconf 79' lang='lat' dir='ltr'>haurit</span> <span class='ocrx_word' id='word_1_410' title='bbox 1006 1924 1109 1954; x_wconf 84' lang='lat' dir='ltr'>Corda</span> <span class='ocrx_word' id='word_1_411' title='bbox 1135 1932 1240 1963; x_wconf 78' lang='lat' dir='ltr'>pavor</span> 
     </span>
     <span class='ocr_line' id='line_1_75' title="bbox 660 1971 1239 2016; baseline -0.016 -11"><span class='ocrx_word' id='word_1_412' title='bbox 660 1976 803 2016; x_wconf 78' lang='lat' dir='ltr'>pulsans.</span> <span class='ocrx_word' id='word_1_413' title='bbox 831 1971 1004 2004; x_wconf 84' lang='lat' dir='ltr'>Transtulit</span> <span class='ocrx_word' id='word_1_414' title='bbox 1026 1977 1129 2000; x_wconf 86' lang='lat' dir='ltr'>autem</span> <span class='ocrx_word' id='word_1_415' title='bbox 1146 1974 1239 2009; x_wconf 84' lang='lat' dir='ltr'>poeta</span> 
     </span>
     <span class='ocr_line' id='line_1_76' title="bbox 666 2015 1240 2061; baseline -0.016 -10"><span class='ocrx_word' id='word_1_416' title='bbox 666 2033 716 2059; x_wconf 79' lang='lat' dir='ltr'>en,</span> <span class='ocrx_word' id='word_1_417' title='bbox 745 2029 815 2061; x_wconf 84' lang='lat' dir='ltr'>quae</span> <span class='ocrx_word' id='word_1_418' title='bbox 840 2019 983 2049; x_wconf 85' lang='lat' dir='ltr'>omnium</span> <span class='ocrx_word' id='word_1_419' title='bbox 1008 2027 1102 2057; x_wconf 84' lang='lat' dir='ltr'>apum</span> <span class='ocrx_word' id='word_1_420' title='bbox 1128 2015 1240 2055; x_wconf 85' lang='lat' dir='ltr'>migra-</span> 
     </span>
     <span class='ocr_line' id='line_1_77' title="bbox 666 2059 1239 2099; baseline -0.014 -2"><span class='ocrx_word' id='word_1_421' title='bbox 666 2070 768 2098; x_wconf 78' lang='lat' dir='ltr'>tiones</span> <span class='ocrx_word' id='word_1_422' title='bbox 791 2064 971 2095; x_wconf 85' lang='lat' dir='ltr'>antecedere</span> <span class='ocrx_word' id='word_1_423' title='bbox 994 2063 1112 2099; x_wconf 89' lang='lat' dir='ltr'>solent,</span> <span class='ocrx_word' id='word_1_424' title='bbox 1135 2059 1239 2097; x_wconf 81' lang='lat' dir='ltr'>adid,</span> 
     </span>
     <span class='ocr_line' id='line_1_78' title="bbox 670 2107 1240 2154; baseline -0.016 -10"><span class='ocrx_word' id='word_1_425' title='bbox 670 2113 756 2154; x_wconf 88' lang='lat' dir='ltr'>qnod</span> <span class='ocrx_word' id='word_1_426' title='bbox 772 2113 828 2142; x_wconf 83' lang='lat' dir='ltr'>illo</span> <span class='ocrx_word' id='word_1_427' title='bbox 846 2112 981 2141; x_wconf 74' lang='lat' dir='ltr'>maxime</span> <span class='ocrx_word' id='word_1_428' title='bbox 997 2117 1139 2149; x_wconf 85' lang='lat' dir='ltr'>tempore</span> <span class='ocrx_word' id='word_1_429' title='bbox 1162 2107 1240 2136; x_wconf 82' lang='lat' dir='ltr'>aeci—</span> 
     </span>
     <span class='ocr_line' id='line_1_79' title="bbox 670 2152 1242 2194; baseline -0.016 -4"><span class='ocrx_word' id='word_1_430' title='bbox 670 2161 744 2190; x_wconf 84' lang='lat' dir='ltr'>dere</span> <span class='ocrx_word' id='word_1_431' title='bbox 774 2158 868 2194; x_wconf 90' lang='lat' dir='ltr'>solet,</span> <span class='ocrx_word' id='word_1_432' title='bbox 898 2167 970 2186; x_wconf 88' lang='lat' dir='ltr'>cum</span> <span class='ocrx_word' id='word_1_433' title='bbox 1001 2155 1120 2185; x_wconf 86' lang='lat' dir='ltr'>bellum</span> <span class='ocrx_word' id='word_1_434' title='bbox 1150 2152 1242 2183; x_wconf 72' lang='lat' dir='ltr'>civile</span> 
     </span>
    </p>
   </div>
   <div class='ocr_carea' id='block_1_7' title="bbox 52 2199 1243 2250">
    <p class='ocr_par' dir='ltr' id='par_1_9' title="bbox 52 2199 1243 2250">
     <span class='ocr_line' id='line_1_80' title="bbox 52 2199 1243 2250; baseline -0.012 -9"><span class='ocrx_word' id='word_1_435' title='bbox 52 2221 115 2248; x_wconf 80' lang='lat'>²23</span> <span class='ocrx_word' id='word_1_436' title='bbox 132 2211 277 2250; x_wconf 90' lang='lat' dir='ltr'>Geopon.</span> <span class='ocrx_word' id='word_1_437' title='bbox 291 2211 355 2240; x_wconf 83' lang='lat' dir='ltr'>XV</span> <span class='ocrx_word' id='word_1_438' title='bbox 367 2231 375 2246; x_wconf 93' lang='lat'>‚</span> <span class='ocrx_word' id='word_1_439' title='bbox 393 2210 422 2239; x_wconf 79' lang='lat'>3.</span> <span class='ocrx_word' id='word_1_440' title='bbox 443 2206 538 2248; x_wconf 87' lang='lat' dir='ltr'>Quod</span> <span class='ocrx_word' id='word_1_441' title='bbox 551 2207 617 2247; x_wconf 86' lang='lat' dir='ltr'>ipse</span> <span class='ocrx_word' id='word_1_442' title='bbox 671 2212 832 2241; x_wconf 75' lang='lat' dir='ltr'>movetur3</span> <span class='ocrx_word' id='word_1_443' title='bbox 855 2210 885 2233; x_wconf 85' lang='lat' dir='ltr'>et</span> <span class='ocrx_word' id='word_1_444' title='bbox 908 2203 1019 2232; x_wconf 81' lang='lat' dir='ltr'>habuit</span> <span class='ocrx_word' id='word_1_445' title='bbox 1044 2208 1115 2231; x_wconf 85' lang='lat' dir='ltr'>ante</span> <span class='ocrx_word' id='word_1_446' title='bbox 1135 2199 1243 2230; x_wconf 84' lang='lat' dir='ltr'>oculos</span> 
     </span>
    </p>
   </div>
  </div>
 </body>
</html>
