1408 2428
576 62 744 91 ECLOGA
770 65 825 92 iv.
1257 72 1294 102 47

106 121 240 165 Pollio;
264 129 300 156 et
320 119 501 168 incipient
523 118 649 167 magni
663 119 869 166 procedere
892 132 1046 157 menses.

104 184 157 217 Te
174 181 282 225 duce,
300 180 331 216 si
351 192 424 228 qua
444 188 612 223 manent,
630 179 779 216 sceleris
799 180 957 230 vestigia
976 181 1095 218 nostri

104 240 221 277 Inrita
238 247 422 289 perpetua
439 239 585 275 solvent
605 238 807 285 formidine
828 249 959 277 terras.

102 301 168 336 Ille
189 301 301 337 deum
317 299 433 335 vitam
454 298 629 348 adcipiet,
649 298 822 348 divisque
839 299 983 336 videbit
1268 312 1296 333 15

104 360 312 396 Permixtas
331 358 479 405 heroas,
501 368 537 395 et
557 359 637 407 ipse
652 358 847 395 videbitur
861 359 933 395 illis
941 374 951 405 3

102 422 353 468 Pacatumque
374 428 478 468 reget
495 418 626 467 patriis
648 418 854 456 virtutibus
871 418 1014 454 orbem.

98 578 159 601 stat
186 572 350 612 vulgatum
383 572 528 600 retinere.
549 589 595 593 —-
619 582 670 602 12.

100 617 216 658 Magni
224 629 357 654 menses,
365 618 513 653 illustres,
520 618 667 658 insignes,

99 664 332 699 memorabiles,
348 670 384 692 ut
398 674 427 693 v,
442 664 477 700 5,
494 670 604 703 utpote
619 675 672 694 sae-

98 710 162 739 culi
178 711 273 739 aurei.
290 711 449 739 Nimirum
465 720 599 750 magnus
615 721 670 739 αη-

99 766 156 784 nus
183 762 245 792 est,
275 757 386 795 utique
406 755 481 784 hinc
504 762 535 784 et
558 756 672 796 magni

98 811 230 831 menses.
246 802 342 841 Quis,
362 802 422 830 nisi
441 800 524 840 apud
544 802 668 830 Julium

96 847 248 877 Sabinum
267 857 283 875 e
301 847 443 886 pleniore
461 847 570 876 Servio
585 847 667 887 lege-

97 900 200 929 retur,
229 892 384 928 crederet,
404 893 467 929 jam
492 894 668 922 Asconium

96 938 266 969 Pedianum
275 961 283 975 ‚
298 938 381 967 libro
390 938 530 968 secundo
545 939 583 968 de
592 949 668 978 prae-

96 992 166 1014 tura
192 984 313 1013 urbana
327 1007 336 1020 ,
367 991 479 1024 putare
511 986 665 1025 potuisse,

95 1031 264 1072 Virgilium
278 1030 468 1060 intellexisse
482 1031 520 1060 de
534 1033 553 1062 J
557 1031 623 1060 ulio
638 1039 668 1061 et

95 1078 240 1118 Augusto
259 1099 267 1113 ,
300 1077 357 1116 qui
387 1087 508 1106 menses
538 1078 667 1107 nomina

94 1129 163 1152 tum
181 1122 220 1152 de
233 1124 272 1153 D.
289 1124 309 1153 J
313 1123 378 1152 ulio
395 1130 425 1153 et
439 1125 586 1164 Aug-usto
600 1124 666 1154 Cae-

94 1178 161 1198 sare
175 1170 381 1209 acceperant?

145 1224 158 1243 x
167 1215 196 1245 3.
208 1214 364 1245 Primivel
375 1215 475 1245 nostri
481 1216 597 1246 Koeler.
607 1227 664 1246 ms.

99 1261 142 1288 Te
153 1260 232 1290 duce
239 1273 251 1297 ;
261 1262 387 1300 auspice
395 1284 404 1298 ,
415 1272 431 1290 a
441 1268 497 1291 tuo
510 1261 584 1292 inde
594 1273 665 1292 cou-

92 1306 217 1344 sulatu3
245 1307 425 1346 expiabitur
445 1309 549 1347 primo
571 1318 664 1338 omne

93 1352 213 1389 scelus,
244 1363 309 1392 quo
343 1355 592 1383 contaminatum
619 1360 665 1383 est

93 1396 154 1425 hoc
171 1396 340 1427 hominum
357 1409 455 1438 genus
471 1409 478 1428 :
495 1399 613 1428 scilicet
628 1406 664 1427 ut

93 1443 230 1472 sanctior
245 1449 275 1471 et
287 1444 400 1475 castior
412 1450 483 1472 aetas
497 1444 663 1473 succedere

93 1489 201 1527 possit.
219 1488 352 1517 Sceleris
376 1489 516 1530 vestigia
539 1490 659 1518 nostri:

93 1533 170 1562 belli
200 1533 301 1562 civilis
333 1535 479 1574 reliquias
506 1537 638 1575 spectari
655 1558 663 1571 ,

93 1578 291 1609 manifestum
308 1586 363 1610 est.
381 1581 459 1610 Nam
474 1588 663 1621 perpetuum

91 1625 170 1662 hoc,
187 1632 225 1655 ut
239 1624 278 1654 de
292 1624 377 1655 bello
396 1626 481 1655 civili
495 1624 583 1670 ἆγες,
597 1637 662 1656 sce—

92 1671 140 1699 lus
151 1693 160 1707 ,
191 1671 403 1711 praedicet-nm
437 1679 551 1702 notum
573 1682 581 1702 :
607 1672 666 1702 Cui

93 1716 394 1756 dabitpartesscelus
403 1718 570 1758 expiandi.
580 1720 659 1758 Quo,

94 1773 171 1802 quo,
197 1763 334 1799 scelesti,
359 1763 458 1794 ruitis.
482 1766 577 1795 Nunc
599 1766 658 1794 im-

93 1808 203 1848 primis
229 1808 268 1838 de
294 1809 351 1838 illo
375 1816 516 1850 tempore
542 1811 658 1851 agitur,

95 1863 169 1882 cum
197 1861 270 1893 post
298 1855 530 1885 Brundusinam
551 1867 660 1897 pacem

93 1901 178 1928 Sext.
194 1901 362 1939 Pompeius
377 1900 479 1930 adhuc
493 1904 589 1932 maria
604 1904 661 1932 Ita-

92 1944 143 1972 liae
161 1944 334 1982 infestaret,
351 1953 382 1976 et
402 1955 579 1977 commeatu
596 1951 660 1979 Ro-

93 1999 175 2018 mam
193 1990 426 2022 intercluderet.
448 1995 513 2023 Pax
535 1993 662 2033 quidem

93 2037 186 2064 etiam
204 2046 278 2065 cum
295 2035 357 2065 1100
370 2038 478 2077 paullo
489 2045 562 2078 post
578 2038 662 2079 apud

94 2082 242 2111 Puteolos
275 2082 352 2111 inita
367 2093 376 2118 3
406 2093 518 2112 verum
534 2106 542 2120 ‚
575 2085 661 2124 quod

94 2129 212 2156 Ruaeus
235 2134 305 2167 post
327 2127 408 2158 hanc
434 2139 544 2169 pacem
570 2131 661 2161 Eclo-

33 2172 43 2180 “
78 2191 81 2193 >
93 2182 163 2212 gam
175 2180 313 2203 nostram
327 2176 474 2215 scriptam
484 2175 663 2213 arbitratur,

726 571 810 601 uude
833 573 954 602 scilicet
977 578 1062 603 tanto
1087 573 1186 610 major
1209 574 1295 602 aurei

725 618 832 647 saeculi
841 629 909 658 spes
915 618 1065 648 affulsisse
1072 618 1170 648 videri
1179 625 1294 658 posset,

724 663 756 692 id
772 671 937 705 propterea
959 664 1123 693 commode
1145 664 1209 694 dici
1229 675 1296 694 non

724 717 841 750 potest,
862 712 935 750 quia
950 720 1012 750 pax
1025 711 1075 739 illa
1089 711 1232 750 sequenti
1247 710 1297 739 de-

723 766 809 784 mum
824 767 907 786 anno
917 757 1090 795 composita
1098 756 1173 792 fuit,
1191 767 1221 785 v.
1232 757 1295 785 Dio

722 803 873 837 XLVIII,
894 813 921 831 c.
942 802 1000 837 36;
1018 808 1126 841 partus
1150 812 1224 830 vero
1243 802 1296 830 ille

722 848 812 886 pueri
829 847 931 877 adhuc
950 846 1061 877 eodem
1081 857 1164 876 auno
1182 858 1293 886 expec—

720 892 863 930 tabatur,
883 901 920 923 ut
947 905 977 923 v.
1008 903 1020 922 1
1031 904 1043 922 1
1075 900 1105 922 et
1132 894 1186 923 61.
1214 895 1294 922 Mox

721 946 850 968 ornatus
864 950 894 969 V.
920 946 958 975 14
975 949 1034 979 pro
1055 939 1218 975 eluentur,
1233 939 1293 968 tol-

720 984 836 1015 lentur.
871 1002 915 1008 ——-
950 991 989 1021 14
1018 985 1137 1020 Inrita,
1166 984 1294 1014 abolita.

721 1031 871 1061 Formido
892 1039 938 1061 est
954 1037 1085 1071 propter
1102 1029 1135 1060 τὸ
1159 1028 1246 1074 ἅγις,
1263 1037 1294 1060 et

722 1084 842 1106 reatum
873 1089 913 1107 ex
944 1077 1060 1107 scelere
1091 1084 1290 1117 conceptum.

722 1140 765 1146 -
779 1126 896 1153 Poenas
910 1126 991 1154 Veu.

771 1180 783 1198 1
792 1170 822 1199 5.
843 1169 1000 1210 Divosque
1019 1169 1170 1199 Rottend.
1181 1186 1226 1191 —
1238 1180 1249 1198 1
1257 1169 1288 1198 6.

721 1215 793 1252 Ille,
808 1226 890 1256 puer
906 1226 946 1245 ex
961 1226 1006 1245 vs.
1029 1216 1059 1252 8,
1074 1215 1207 1245 deorum
1219 1225 1290 1254 pro-

719 1263 834 1301 genieS,
848 1261 999 1290 heroibus
1010 1262 1070 1291 erit
1081 1261 1288 1290 adnumeran-

719 1306 778 1336 dus
805 1317 812 1337 :
836 1308 954 1346 quippe
983 1313 1014 1335 et
1042 1308 1108 1346 ipse
1136 1303 1286 1349 διογενής.

718 1354 821 1381 Deum
832 1352 939 1381 ‘vitam
955 1352 1100 1391 accipiet,
1115 1358 1184 1392 aget
1192 1353 1288 1381 vitam

718 1397 861 1433 deorum,
876 1404 907 1427 et
921 1399 1003 1426 inter
1013 1397 1087 1427 deos
1100 1397 1286 1437 heroesque.

718 1442 953 1472 Adumbratum
969 1453 1009 1472 ex
1023 1445 1075 1479 iis,
1092 1453 1163 1482 quae
1177 1443 1288 1482 praedi-

719 1496 831 1518 cantur
846 1488 884 1518 de
901 1499 994 1518 aurea
1008 1495 1096 1518 aetate
1110 1488 1149 1523 ὡς
1168 1485 1203 1518 δὲ
1223 1486 1284 1518 θεοὶ

718 1532 865 1571 ζώεσκον,
889 1530 1012 1567 ἀκηδέα
1033 1533 1124 1575 θυμὸν
1154 1533 1285 1574 ἔχοντες,

717 1578 818 1621 νόσφιν
837 1578 910 1622 ἄτερ
924 1590 958 1610 τε
973 1578 1073 1610 πόνων
1091 1590 1120 1610 κ.
1136 1591 1165 1610 τ.
1181 1584 1210 1610 λ.
1226 1582 1286 1610 He-

717 1626 796 1663 siod,
810 1629 887 1670 Εργ.
901 1637 932 1656 V.
954 1637 967 1656 1
977 1637 1015 1656 12
1031 1637 1098 1666 sqq.
1114 1628 1189 1656 Erat
1202 1628 1287 1657 enim

716 1671 778 1702 hoc
798 1674 882 1702 inter
904 1674 990 1703 aurei
1009 1673 1117 1702 saeculi
1135 1672 1234 1708 bona,
1249 1679 1287 1702 ut

714 1717 759 1748 dii
771 1725 938 1758 praesentes
945 1720 1117 1749 inviserent
1131 1719 1284 1748 homines

714 1764 798 1795 Ovid
815 1766 896 1795 Fast.
914 1767 948 1802 Ι,
970 1766 1031 1795 251
1051 1771 1081 1793 et
1098 1765 1223 1804 passim.
1239 1779 1285 1787 ·-—

765 1821 778 1840 1
785 1811 816 1841 6.
827 1812 858 1840 E
859 1818 872 1840 t
881 1810 945 1851 ipse
953 1809 1116 1840 videbitur
1126 1809 1190 1840 illis
1197 1833 1206 1846 ‚
1215 1811 1282 1841 scil.

714 1857 890 1895 permixtus
899 1858 936 1886 iis
944 1879 952 1893 ,
963 1856 994 1886 h.
1007 1866 1034 1886 e.
1047 1855 1205 1885 admixtus
1213 1858 1282 1886 erit.

716 1899 830 1943 ἀναμὶξ
841 1900 982 1938 ἐκάθητο,
991 1902 1108 1931 Aratus
1120 1901 1282 1932 Phaenom,

721 1953 803 1984 104,
827 1957 922 1987 quem
942 1954 1014 1977 ante
1034 1947 1144 1977 oculos
1158 1947 1280 1978 habuit.

767 2003 818 2030 17.
847 1995 1005 2023 Pacatum
1033 1993 1138 2022 orbem
1171 2002 1282 2035 reget.-

716 2039 809 2068 etiam
827 2037 889 2069 hoc
910 2050 951 2069 ex
972 2049 1065 2069 aurea
1080 2046 1177 2077 aetate,
1195 2039 1283 2080 quod

714 2085 750 2114 in
763 2095 798 2114 ea
813 2092 921 2124 pacata
933 2086 1037 2115 omnia
1053 2092 1129 2115 sunt
1143 2096 1151 2117 :
1167 2085 1282 2116 obscu-

715 2131 782 2160 rius
803 2138 849 2160 est
858 2153 868 2169 ,
883 2131 970 2172 quod
985 2131 1080 2168 addit,
1091 2131 1207 2171 patriis
1218 2132 1282 2161 vir-

719 2176 841 2214 tutibus,
857 2179 988 2208 omniuo
1004 2178 1158 2215 majorum
1171 2186 1178 2207 ι
1195 2185 1225 2207 et
1243 2177 1280 2207 ad
