1408 2428
571 68 739 99 ECLOGA
765 73 805 101 X.

1225 93 1285 112 12.»

95 123 204 158 Venit
225 131 261 158 et
282 123 419 172 agresti
439 123 570 172 capitis
590 125 763 163 Silvanus
785 126 929 165 honore

93 186 120 219 F
124 183 276 226 lorentis
297 184 434 220 ferulas
451 191 487 219 et
508 184 664 233 grandia
684 186 760 223 lilia
780 200 969 236 quassans.
1256 209 1285 230 25

92 245 168 280 Pan
189 243 280 280 deus
300 243 471 280 Arcadiae
487 244 608 289 venit,
629 258 741 294 quem
761 247 923 286 vidimus
943 250 1016 300 ipsi

92 304 314 354 Sanguineis
334 303 435 340 ebuli
453 303 576 341 baccis
599 305 792 355 minioque
812 307 1022 349 rubentem,

96 384 110 398 «
130 366 266 414 Ecquis
286 365 358 401 crit
377 364 814 414 modus?inquit:Amor
832 380 909 405 uon
930 370 1018 407 talia
1038 384 1156 412 curat.

89 426 168 461 Nec
187 423 349 460 lacrimis
369 423 528 460 crudelis
548 427 685 472 Amor,
705 439 774 464 nec
794 428 963 476 gramina
983 430 1093 478 rivis,

88 487 167 521 Nec
186 484 305 533 cytiso
325 491 542 520 saturantur
560 497 666 533 apes,
686 499 756 522 nec
776 486 909 524 fronde
929 491 1091 539 capellae.
1115 510 1130 526 ›>
1252 508 1280 530 3.,

88 544 219 581 Tristis
240 552 276 581 at
296 543 356 579 ille
374 557 382 578 :
404 545 544 580 Tamen
564 543 784 593 cantabitis,
803 547 990 596 Arcades,
1011 551 1154 602 inquit,

85 674 181 698 ment.
198 685 244 690 —-
255 674 308 704 24.
320 668 451 710 Agrescz‘
463 670 575 710 capitis
588 672 650 701 Sil-

84 724 181 741 vanus
203 713 340 751 honore,
367 722 496 745 ornatus
518 723 601 747 serto
633 728 649 747 e

83 759 189 788 ferulis
212 766 242 789 et
264 760 346 791 liliis,
372 762 419 790 Ita
442 762 561 792 scilicet
578 770 607 792 et
631 774 648 792 a

82 806 182 843 poetis
210 812 240 834 et
255 806 289 835 in
302 808 412 845 priscis
436 809 647 837 monumentis

82 850 225 880 Silvanus
241 851 424 887 exhibetur,
444 858 479 881 ut
496 863 646 883 coronam

82 906 122 924 ex
138 896 304 926 frondibus
319 896 468 933 arboreis,
483 905 536 927 aut
552 909 644 938 gran-

81 941 173 971 dibus
209 941 340 972 floribus
374 950 403 971 et
434 944 644 974 arundinibus

80 993 182 1026 gerat3
206 998 301 1017 manu
320 988 379 1028 (cf.
399 989 514 1029 Georg.
530 991 561 1026 1,
579 990 643 1030 20)

80 1043 260 1072 cupressum
295 1040 349 1063 ant
386 1034 481 1064 alium
522 1036 644 1066 arboris

81 1085 228 1108 truncum
237 1085 350 1110 teneat.
362 1081 413 1112 Sic
424 1091 540 1110 corona
549 1083 643 1122 pinea

79 1131 227 1154 oneratur
249 1126 283 1155 in
299 1133 376 1156 noto
390 1137 545 1157 marmore
558 1128 643 1169 apud

80 1170 242 1208 Boissarcl,
258 1178 279 1202 t.
298 1173 353 1208 IV,
368 1183 399 1212 p.
421 1174 499 1209 134,
516 1181 546 1203 et
560 1175 642 1203 Gru-

79 1223 126 1245 ter
140 1227 171 1257 p.
190 1218 293 1247 LXIII
305 1240 312 1253 ,
328 1229 392 1258 quo
414 1226 517 1248 tamen
532 1220 642 1249 eodem

78 1261 189 1292 habitu
199 1264 264 1293 Pan
272 1264 433 1294 interdum
445 1266 575 1305 insignis
585 1274 640 1296 est.

78 1308 128 1338 Sic
150 1310 274 1339 Lucret.
295 1311 356 1346 IV,
373 1311 434 1350 591
450 1333 457 1347 ,
471 1322 565 1350 quem
587 1322 642 1341 ex-

78 1355 223 1392 pressisse
248 1354 281 1385 h.
310 1355 331 1385 l.
362 1363 468 1386 noster
493 1357 618 1386 videtur
633 1366 641 1386 :

78 1401 150 1428 Pan
167 1399 271 1429 Pinea
284 1401 544 1442 semifiJricapitis
552 1403 642 1432 vela-

78 1444 167 1474 mina
185 1455 351 1485 quassans.
367 1446 543 1478 add.0vid.
559 1449 640 1479 Fast.

77 1492 102 1525 1,
122 1497 184 1526 412
199 1502 206 1528 3
224 1492 280 1527 III,
298 1492 350 1527 84.
367 1494 490 1522 Eximia
506 1504 577 1523 cum
588 1505 640 1524 ve*

76 1542 199 1566 nustate
218 1537 280 1566 hoc
295 1537 379 1568 idem
398 1539 557 1570 transtulit
580 1541 640 1570 Co-

73 1582 201 1612 lumella
216 1585 257 1619 X,
268 1584 308 1618 43
325 1585 420 1613 Satur
430 1586 636 1622 Anemurium,

75 1638 230 1668 quassans
259 1639 316 1658 sua
349 1637 490 1670 tempora
512 1632 636 1671 pomis,

74 1680 106 1703 et
128 1675 318 1715 Hymenaens
348 1685 523 1706 marcentes
547 1679 640 1718 cupio

74 1730 225 1759 quassare
243 1732 378 1751 coronas
394 1734 444 1764 ap.
471 1723 636 1756 claudian.

74 1767 195 1803 XXXI,
207 1767 261 1806 96.
271 1768 417 1798 Ceterum
431 1769 466 1798 in
479 1768 528 1798 his
543 1772 639 1800 versi-

73 1811 133 1840 bus
146 1812 235 1842 color
249 1813 363 1843 ductus
379 1824 444 1846 esse
458 1815 585 1845 videtur
597 1817 637 1847 ab

74 1856 188 1897 Odyss.
205 1869 241 1895 ω,
259 1859 298 1888 58
315 1870 382 1900 sqq.
401 1861 517 1890 Fet-ula
533 1869 640 1892 autem

73 1902 195 1940 frntex,
209 1903 291 1933 foliis
307 1905 458 1936 foeniculo
467 1928 475 1942 ‚
489 1909 591 1948 specie
606 1915 637 1938 et

73 1958 133 1977 usu
155 1949 365 1980 arundinibus
379 1952 495 1991 quibus
508 1962 567 1991 pro
582 1953 636 1982 ba-

74 1994 152 2024 culis
167 1996 295 2032 utimur,
310 1997 436 2034 silnilis;
453 1998 636 2028 Graecorum

73 2037 195 2082 νάρθηξ.
218 2041 258 2071 cf.
274 2043 403 2073 Martin.
427 2042 514 2073 Nihil
533 2051 636 2074 autem

73 2086 168 2122 novi,
186 2097 318 2117 coronas
351 2099 391 2118 ex
415 2088 634 2126 arundinibus,

62 2131 242 2163 -frondibus
258 2133 415 2171 arboreis,
438 2144 502 2163 esse
526 2135 633 2167 factas.

74 2177 256 2219 Comparari
268 2190 395 2221 quoque
413 2191 484 2210 cum
499 2180 547 2211 his
561 2192 633 2222 pos-

704 680 777 702 sunt
796 673 850 703 illa
865 674 991 706 Moschi
1007 674 1101 718 Idyll.
1120 674 1210 715 XIV.
1229 685 1271 712 26

702 729 769 758 sqq.
798 737 843 742 —-
869 722 922 752 25.
944 722 1053 752 Violas
1069 734 1128 764 pro
1141 726 1270 767 ferulas

702 764 800 795 Goth‘.
816 776 877 796 sec.

748 820 801 848 27.
827 812 998 843 nabentem
1009 837 1019 850 ,
1050 815 1090 846 cf.
1126 828 1195 858 sup.
1229 821 1269 850 ad

699 856 763 892 VI,
783 867 835 886 22.
852 858 988 888 Elmlum
1007 863 1124 893 nostris
1141 864 1269 895 l'hieble

699 901 748 930 vel
758 902 874 940 yeble5
887 903 995 934 herbae
1012 917 1111 946 genus
1125 931 1132 945 ‚
1153 910 1272 940 baccas

698 947 819 981 rubras,
834 949 868 978 in
886 951 1126 983 similitudinem
1142 957 1269 987 sambu-

699 992 727 1021 ci
743 994 934 1032 producens.
951 1015 998 1020 —
1009 1008 1061 1037 29.
1084 1001 1154 1030 Nec
1173 1003 1270 1032 lacri-

697 1037 756 1067 mis
776 1039 911 1070 cmdelis
928 1043 1040 1074 Amor.
1061 1046 1162 1076 Amor
1182 1048 1214 1079 h.
1246 1051 1270 1081 l,

697 1083 736 1113 de
767 1083 826 1114 deo
852 1087 1092 1127 accipiendum,
1115 1094 1140 1121 si
1158 1104 1265 1125 sanam

695 1132 882 1161 sententiam
912 1133 1070 1167 conficere
1107 1139 1265 1171 volumus.

696 1176 797 1205 Amor
811 1176 999 1219 χκιρέκκκος
1014 1192 1081 1212 non
1096 1185 1193 1214 modo
1210 1187 1266 1216 do-

695 1221 795 1251 lorem
822 1230 852 1252 et
879 1227 1053 1256 cruciatum
1078 1231 1266 1262 miseromni

697 1270 869 1298 amantium
892 1270 938 1300 nil
957 1281 1065 1310 curat,
1089 1276 1143 1305 sed
1171 1279 1265 1307 etiam

696 1313 789 1350 ridet,
799 1312 897 1358 ἄγρια
910 1314 1048 1355 notio-Sei,
1062 1327 1098 1349 ut
1111 1322 1266 1353 Moschus

695 1358 790 1398 Idyll.
816 1362 846 1396 Ι,
868 1371 919 1398 11,
941 1363 1200 1407 voluptatemque
1225 1380 1265 1398 ex

695 1414 732 1433 eo
746 1406 847 1446 capit3
867 1417 926 1436 nec
936 1408 1072 1440 lacrimis
1089 1415 1263 1444 amantium

696 1450 833 1481 crudelis
861 1453 928 1490 ejus
969 1456 1091 1488 animus
1120 1469 1262 1499 unquam

695 1496 825 1527 satiatur
847 1504 941 1538 atque
964 1502 1128 1541 expletur,
1144 1512 1200 1535 aut
1222 1507 1262 1536 ad

694 1543 925 1574 miserationem
940 1548 1092 1586 vertitur;
1108 1550 1147 1580 cf.
1163 1562 1193 1581 v.
1204 1553 1260 1588 60,

695 1588 758 1626 61;
782 1589 816 1619 id
839 1590 927 1630 quod
956 1592 1072 1623 deinde
1097 1599 1260 1635 pastoritia

693 1644 799 1664 rerum
816 1637 1037 1669 assimilatione
1053 1650 1154 1672 ornat.

741 1682 795 1712 31.
813 1683 936 1713 Tamen
951 1686 1124 1717 cantabitis
1139 1690 1192 1725 A„
1202 1692 1258 1718 etsi

694 1727 794 1757 Amor
807 1728 879 1757 talia
897 1730 943 1760 nil
961 1739 1061 1769 curat,
1072 1743 1174 1773 neque
1183 1745 1258 1774 que-

691 1772 763 1802 relis
785 1775 958 1814 quicquam
984 1778 1123 1816 praesidii
1147 1787 1257 1809 contra

691 1818 757 1855 ejus
774 1821 954 1860 superbiam
972 1823 1070 1860 inest,
1090 1830 1195 1855 tamen
1216 1827 1255 1855 ad

689 1863 874 1895 leniendum
886 1866 1027 1897 dolorem
1042 1878 1149 1899 meum
1162 1881 1199 1900 ac
1212 1871 1257 1901 Ie-

689 1910 831 1940 vandum
844 1912 946 1949 saciet,
954 1913 980 1942 si
995 1915 1161 1945 cantabitis
1171 1916 1256 1948 haec:

689 1965 714 1984 s.
740 1965 814 1995 quae
836 1965 1031 1997 sequuntur,
1047 1970 1071 1992 s.
1094 1961 1256 1992 fortunam

689 2010 796 2038 snam,
813 2012 934 2033 amores
955 2015 1049 2044 suos,
1067 2013 1104 2037 ut
1127 2008 1255 2048 subjicit

688 2046 757 2085 ipse
782 2058 812 2078 v.
849 2049 915 2087 343
941 2057 1036 2083 erunt
1064 2052 1143 2087 adeo
1171 2055 1255 2085 inter

688 2100 871 2132 argumenta
901 2098 1057 2136 pastoriffi
1086 2101 1234 2131 carminis
1245 2102 1262 2132 ί

689 2137 772 2167 Galli
782 2139 923 2172 infelices
936 2152 1066 2176 amores.
1088 2162 1136 2170 —
1146 2146 1253 2187 Vulgo

687 2182 888 2227 distinguunt
911 2197 919 2218 :
939 2188 1047 2222 Tristis
1067 2199 1104 2222 at
1128 2191 1184 2222 ille
1209 2201 1254 2223 ta-

1064 2254 1127 2291 11*
