<?xml version="1.0" encoding="UTF-8"?>
<!DOCTYPE html PUBLIC "-//W3C//DTD XHTML 1.0 Transitional//EN"
    "http://www.w3.org/TR/xhtml1/DTD/xhtml1-transitional.dtd">
<html xmlns="http://www.w3.org/1999/xhtml" xml:lang="en" lang="en">
 <head>
  <title>
</title>
<meta http-equiv="Content-Type" content="text/html;charset=utf-8" />
  <meta name='ocr-system' content='tesseract 3.04.00' />
  <meta name='ocr-capabilities' content='ocr_page ocr_carea ocr_par ocr_line ocrx_word'/>
</head>
<body>
  <div class='ocr_page' id='page_1' title='image "./operahey01virguoft_0079.png"; bbox 0 0 1408 2428; ppageno 0'>
   <div class='ocr_carea' id='block_1_1' title="bbox 555 65 805 95">
    <p class='ocr_par' dir='ltr' id='par_1_1' title="bbox 555 65 805 95">
     <span class='ocr_line' id='line_1_1' title="bbox 555 65 805 95; baseline -0.004 0"><span class='ocrx_word' id='word_1_1' title='bbox 555 65 725 95; x_wconf 79' lang='lat' dir='ltr'>ECLOGA</span> <span class='ocrx_word' id='word_1_2' title='bbox 750 66 805 94; x_wconf 72' lang='lat' dir='ltr'>lv.</span> 
     </span>
    </p>
   </div>
   <div class='ocr_carea' id='block_1_2' title="bbox 81 121 1275 292">
    <p class='ocr_par' dir='ltr' id='par_1_2' title="bbox 81 121 1275 292">
     <span class='ocr_line' id='line_1_2' title="bbox 136 121 982 171; baseline 0 -12"><span class='ocrx_word' id='word_1_3' title='bbox 136 123 275 159; x_wconf 84' lang='lat' dir='ltr'>Ultima</span> <span class='ocrx_word' id='word_1_4' title='bbox 293 122 434 159; x_wconf 88' lang='lat' dir='ltr'>Cumaei</span> <span class='ocrx_word' id='word_1_5' title='bbox 448 121 552 158; x_wconf 88' lang='lat' dir='ltr'>venit</span> <span class='ocrx_word' id='word_1_6' title='bbox 567 122 647 171; x_wconf 84' lang='lat' dir='ltr'>jam</span> <span class='ocrx_word' id='word_1_7' title='bbox 668 122 843 158; x_wconf 81' lang='lat' dir='ltr'>carminis</span> <span class='ocrx_word' id='word_1_8' title='bbox 867 132 954 159; x_wconf 84' lang='lat' dir='ltr'>aetas</span> <span class='ocrx_word' id='word_1_9' title='bbox 972 138 982 168; x_wconf 82' lang='lat'><em>3</em></span> 
     </span>
     <span class='ocr_line' id='line_1_3' title="bbox 81 182 1275 233; baseline -0.001 -13"><span class='ocrx_word' id='word_1_10' title='bbox 81 186 245 233; x_wconf 85' lang='lat' dir='ltr'>Magnus</span> <span class='ocrx_word' id='word_1_11' title='bbox 263 183 310 220; x_wconf 83' lang='lat' dir='ltr'>ab</span> <span class='ocrx_word' id='word_1_12' title='bbox 331 183 479 232; x_wconf 87' lang='lat' dir='ltr'>integro</span> <span class='ocrx_word' id='word_1_13' title='bbox 499 182 695 219; x_wconf 71' lang='lat' dir='ltr'>saeclorum</span> <span class='ocrx_word' id='word_1_14' title='bbox 715 182 882 218; x_wconf 85' lang='lat' dir='ltr'>nascitur</span> <span class='ocrx_word' id='word_1_15' title='bbox 901 184 1006 219; x_wconf 86' lang='lat' dir='ltr'>ordo.</span> <span class='ocrx_word' id='word_1_16' title='bbox 1263 193 1275 213; x_wconf 71' lang='lat'><strong>5</strong></span> 
     </span>
     <span class='ocr_line' id='line_1_4' title="bbox 84 242 1018 292; baseline -0.001 -12"><span class='ocrx_word' id='word_1_17' title='bbox 84 246 166 280; x_wconf 87' lang='lat' dir='ltr'>Jam</span> <span class='ocrx_word' id='word_1_18' title='bbox 182 243 281 280; x_wconf 82' lang='lat' dir='ltr'>redit</span> <span class='ocrx_word' id='word_1_19' title='bbox 300 252 337 279; x_wconf 84' lang='lat' dir='ltr'>et</span> <span class='ocrx_word' id='word_1_20' title='bbox 356 243 493 292; x_wconf 80' lang='lat' dir='ltr'>Virg03</span> <span class='ocrx_word' id='word_1_21' title='bbox 510 242 669 280; x_wconf 85' lang='lat' dir='ltr'>redeunt</span> <span class='ocrx_word' id='word_1_22' title='bbox 691 243 868 280; x_wconf 86' lang='lat' dir='ltr'>Saturnia</span> <span class='ocrx_word' id='word_1_23' title='bbox 884 255 1018 292; x_wconf 84' lang='lat' dir='ltr'>regna;</span> 
     </span>
    </p>
   </div>
   <div class='ocr_carea' id='block_1_3' title="bbox 80 392 670 2133">
    <p class='ocr_par' dir='ltr' id='par_1_3' title="bbox 80 392 658 975">
     <span class='ocr_line' id='line_1_5' title="bbox 80 392 651 433; baseline -0.002 -10"><span class='ocrx_word' id='word_1_24' title='bbox 80 394 178 423; x_wconf 82' lang='lat' dir='ltr'>Italiae</span> <span class='ocrx_word' id='word_1_25' title='bbox 192 394 267 430; x_wconf 87' lang='lat' dir='ltr'>oris,</span> <span class='ocrx_word' id='word_1_26' title='bbox 282 392 369 433; x_wconf 90' lang='lat' dir='ltr'>quod</span> <span class='ocrx_word' id='word_1_27' title='bbox 385 393 467 433; x_wconf 80' lang='lat' dir='ltr'>ripas</span> <span class='ocrx_word' id='word_1_28' title='bbox 481 392 651 423; x_wconf 86' lang='lat' dir='ltr'>fluminum</span> 
     </span>
     <span class='ocr_line' id='line_1_6' title="bbox 80 439 652 469; baseline -0.002 0"><span class='ocrx_word' id='word_1_29' title='bbox 80 439 224 469; x_wconf 85' lang='lat' dir='ltr'>obsidere</span> <span class='ocrx_word' id='word_1_30' title='bbox 239 439 328 469; x_wconf 86' lang='lat' dir='ltr'>solet.</span> <span class='ocrx_word' id='word_1_31' title='bbox 354 439 570 469; x_wconf 82' lang='lat' dir='ltr'>Tamariscum</span> <span class='ocrx_word' id='word_1_32' title='bbox 587 450 652 469; x_wconf 87' lang='lat' dir='ltr'>esse</span> 
     </span>
     <span class='ocr_line' id='line_1_7' title="bbox 81 485 651 525; baseline 0.002 -11"><span class='ocrx_word' id='word_1_33' title='bbox 81 485 197 516; x_wconf 84' lang='lat' dir='ltr'><strong>docent</strong></span> <span class='ocrx_word' id='word_1_34' title='bbox 205 492 277 525; x_wconf 85' lang='lat' dir='ltr'>post</span> <span class='ocrx_word' id='word_1_35' title='bbox 291 486 310 516; x_wconf 88' lang='lat' dir='ltr'><strong>J</strong></span> <span class='ocrx_word' id='word_1_36' title='bbox 315 485 415 514; x_wconf 89' lang='lat' dir='ltr'>ulium</span> <span class='ocrx_word' id='word_1_37' title='bbox 429 485 580 515; x_wconf 87' lang='lat' dir='ltr'>Sabinum</span> <span class='ocrx_word' id='word_1_38' title='bbox 592 486 651 515; x_wconf 89' lang='lat' dir='ltr'>viri</span> 
     </span>
     <span class='ocr_line' id='line_1_8' title="bbox 80 531 649 561; baseline -0.002 0"><span class='ocrx_word' id='word_1_39' title='bbox 80 531 177 561; x_wconf 89' lang='lat' dir='ltr'>docti.</span> <span class='ocrx_word' id='word_1_40' title='bbox 207 531 291 561; x_wconf 86' lang='lat' dir='ltr'>conf.</span> <span class='ocrx_word' id='word_1_41' title='bbox 321 532 415 561; x_wconf 86' lang='lat' dir='ltr'>Mart.</span> <span class='ocrx_word' id='word_1_42' title='bbox 451 531 649 560; x_wconf 80' lang='lat' dir='ltr'>Tamaricem</span> 
     </span>
     <span class='ocr_line' id='line_1_9' title="bbox 82 576 652 607; baseline 0 0"><span class='ocrx_word' id='word_1_43' title='bbox 82 577 243 607; x_wconf 81' lang='lat' dir='ltr'><em>Gallicam</em></span> <span class='ocrx_word' id='word_1_44' title='bbox 285 577 381 607; x_wconf 79' lang='lat' dir='ltr'>Linn.</span> <span class='ocrx_word' id='word_1_45' title='bbox 424 576 577 607; x_wconf 82' lang='lat' dir='ltr'>Schreber</span> <span class='ocrx_word' id='word_1_46' title='bbox 614 577 652 607; x_wconf 88' lang='lat' dir='ltr'>ad</span> 
     </span>
     <span class='ocr_line' id='line_1_10' title="bbox 81 623 655 660; baseline -0.002 -7"><span class='ocrx_word' id='word_1_47' title='bbox 81 623 214 653; x_wconf 87' lang='lat' dir='ltr'>Theoer.</span> <span class='ocrx_word' id='word_1_48' title='bbox 236 625 251 652; x_wconf 94' lang='lat' dir='ltr'>I</span> <span class='ocrx_word' id='word_1_49' title='bbox 263 646 271 660; x_wconf 94' lang='lat'><strong><em>‚</em></strong></span> <span class='ocrx_word' id='word_1_50' title='bbox 303 634 315 652; x_wconf 93' lang='lat'>1</span> <span class='ocrx_word' id='word_1_51' title='bbox 324 624 353 653; x_wconf 82' lang='lat'>3.</span> <span class='ocrx_word' id='word_1_52' title='bbox 381 640 427 645; x_wconf 88' lang='lat'>—-</span> <span class='ocrx_word' id='word_1_53' title='bbox 448 634 478 652; x_wconf 81' lang='lat'>2.</span> <span class='ocrx_word' id='word_1_54' title='bbox 509 624 655 653; x_wconf 82' lang='lat' dir='ltr'>Genestae</span> 
     </span>
     <span class='ocr_line' id='line_1_11' title="bbox 80 668 658 709; baseline -0.002 -10"><span class='ocrx_word' id='word_1_55' title='bbox 80 671 175 699; x_wconf 87' lang='lat' dir='ltr'>Pierii</span> <span class='ocrx_word' id='word_1_56' title='bbox 189 669 305 699; x_wconf 80' lang='lat' dir='ltr'>Medic.</span> <span class='ocrx_word' id='word_1_57' title='bbox 330 668 467 708; x_wconf 80' lang='lat' dir='ltr'>myricoe,</span> <span class='ocrx_word' id='word_1_58' title='bbox 485 670 658 709; x_wconf 83' lang='lat' dir='ltr'>penultima</span> 
     </span>
     <span class='ocr_line' id='line_1_12' title="bbox 80 714 652 757; baseline 0.002 -13"><span class='ocrx_word' id='word_1_59' title='bbox 80 715 184 756; x_wconf 87' lang='lat' dir='ltr'>longa,</span> <span class='ocrx_word' id='word_1_60' title='bbox 201 726 274 744; x_wconf 91' lang='lat' dir='ltr'>cum</span> <span class='ocrx_word' id='word_1_61' title='bbox 284 715 418 745; x_wconf 87' lang='lat' dir='ltr'>Theocr.</span> <span class='ocrx_word' id='word_1_62' title='bbox 433 714 570 757; x_wconf 49' lang='lat' dir='ltr'>impiam,</span> <span class='ocrx_word' id='word_1_63' title='bbox 586 726 652 745; x_wconf 89' lang='lat' dir='ltr'>cor-</span> 
     </span>
     <span class='ocr_line' id='line_1_13' title="bbox 81 760 650 801; baseline 0 -11"><span class='ocrx_word' id='word_1_64' title='bbox 81 762 156 801; x_wconf 84' lang='lat' dir='ltr'>ripit</span> <span class='ocrx_word' id='word_1_65' title='bbox 167 771 240 790; x_wconf 90' lang='lat' dir='ltr'>vero</span> <span class='ocrx_word' id='word_1_66' title='bbox 255 763 384 790; x_wconf 84' lang='lat' dir='ltr'>Homer.</span> <span class='ocrx_word' id='word_1_67' title='bbox 400 760 488 790; x_wconf 86' lang='lat' dir='ltr'>Iliad.</span> <span class='ocrx_word' id='word_1_68' title='bbox 503 762 544 797; x_wconf 83' lang='lat' dir='ltr'>K,</span> <span class='ocrx_word' id='word_1_69' title='bbox 561 761 623 799; x_wconf 78' lang='lat'>467</span> <span class='ocrx_word' id='word_1_70' title='bbox 643 770 650 791; x_wconf 88' lang='lat'>:</span> 
     </span>
     <span class='ocr_line' id='line_1_14' title="bbox 82 804 651 849; baseline -0.002 -13"><span class='ocrx_word' id='word_1_71' title='bbox 82 804 208 849; x_wconf 68' lang='grc' dir='ltr'><strong>μυρίκης</strong></span> <span class='ocrx_word' id='word_1_72' title='bbox 226 809 254 836; x_wconf 85' lang='grc' dir='ltr'>τ’</span> <span class='ocrx_word' id='word_1_73' title='bbox 275 805 426 848; x_wconf 77' lang='grc' dir='ltr'>ἐριθηλέας</span> <span class='ocrx_word' id='word_1_74' title='bbox 445 804 596 840; x_wconf 67' lang='grc' dir='ltr'>ὄζους.-</span> <span class='ocrx_word' id='word_1_75' title='bbox 621 807 651 836; x_wconf 84' lang='grc'>3.</span> 
     </span>
     <span class='ocr_line' id='line_1_15' title="bbox 83 850 654 891; baseline -0.002 -10"><span class='ocrx_word' id='word_1_76' title='bbox 83 852 177 882; x_wconf 75' lang='lat' dir='ltr'>Silvae</span> <span class='ocrx_word' id='word_1_77' title='bbox 189 852 254 882; x_wconf 81' lang='lat' dir='ltr'>sint</span> <span class='ocrx_word' id='word_1_78' title='bbox 263 851 398 882; x_wconf 82' lang='lat' dir='ltr'><em>Consule</em></span> <span class='ocrx_word' id='word_1_79' title='bbox 407 850 530 891; x_wconf 77' lang='lat' dir='ltr'>dignae,</span> <span class='ocrx_word' id='word_1_80' title='bbox 541 851 581 880; x_wconf 91' lang='lat' dir='ltr'>sit</span> <span class='ocrx_word' id='word_1_81' title='bbox 591 861 654 880; x_wconf 91' lang='lat' dir='ltr'>car-</span> 
     </span>
     <span class='ocr_line' id='line_1_16' title="bbox 82 896 656 939; baseline -0.003 -11"><span class='ocrx_word' id='word_1_82' title='bbox 82 909 156 928; x_wconf 90' lang='lat' dir='ltr'>men</span> <span class='ocrx_word' id='word_1_83' title='bbox 164 898 226 928; x_wconf 91' lang='lat' dir='ltr'>hoc</span> <span class='ocrx_word' id='word_1_84' title='bbox 240 898 423 927; x_wconf 87' lang='lat' dir='ltr'>bucolicum</span> <span class='ocrx_word' id='word_1_85' title='bbox 429 897 501 926; x_wconf 86' lang='lat' dir='ltr'>satis</span> <span class='ocrx_word' id='word_1_86' title='bbox 510 907 551 927; x_wconf 75' lang='lat' dir='ltr'>ex</span> <span class='ocrx_word' id='word_1_87' title='bbox 556 896 656 939; x_wconf 87' lang='lat' dir='ltr'>digni-</span> 
     </span>
     <span class='ocr_line' id='line_1_17' title="bbox 81 944 382 975; baseline 0 -2"><span class='ocrx_word' id='word_1_88' title='bbox 81 951 144 973; x_wconf 80' lang='lat' dir='ltr'>tate</span> <span class='ocrx_word' id='word_1_89' title='bbox 159 944 309 975; x_wconf 88' lang='lat' dir='ltr'>Pollionis</span> <span class='ocrx_word' id='word_1_90' title='bbox 320 954 382 973; x_wconf 91' lang='lat' dir='ltr'>cos.</span> 
     </span>
    </p>

    <p class='ocr_par' dir='ltr' id='par_1_4' title="bbox 83 989 670 2133">
     <span class='ocr_line' id='line_1_18' title="bbox 131 989 655 1030; baseline -0.004 -10"><span class='ocrx_word' id='word_1_91' title='bbox 131 997 161 1025; x_wconf 76' lang='grc' dir='ltr'>ί..</span> <span class='ocrx_word' id='word_1_92' title='bbox 186 991 215 1020; x_wconf 84' lang='grc'>5.</span> <span class='ocrx_word' id='word_1_93' title='bbox 237 991 353 1030; x_wconf 78' lang='lat' dir='ltr'>Agitur</span> <span class='ocrx_word' id='word_1_94' title='bbox 368 990 432 1028; x_wconf 88' lang='lat' dir='ltr'>jam</span> <span class='ocrx_word' id='word_1_95' title='bbox 450 989 561 1019; x_wconf 79' lang='lat' dir='ltr'>ultima</span> <span class='ocrx_word' id='word_1_96' title='bbox 583 995 655 1018; x_wconf 82' lang='lat' dir='ltr'>aetas</span> 
     </span>
     <span class='ocr_line' id='line_1_19' title="bbox 84 1036 657 1076; baseline 0.002 -11"><span class='ocrx_word' id='word_1_97' title='bbox 84 1036 229 1065; x_wconf 80' lang='lat' dir='ltr'>carminis</span> <span class='ocrx_word' id='word_1_98' title='bbox 242 1036 405 1076; x_wconf 82' lang='lat' dir='ltr'>Sibyllini3</span> <span class='ocrx_word' id='word_1_99' title='bbox 419 1036 535 1065; x_wconf 88' lang='lat' dir='ltr'>iterum</span> <span class='ocrx_word' id='word_1_100' title='bbox 549 1046 657 1076; x_wconf 89' lang='lat' dir='ltr'>proce-</span> 
     </span>
     <span class='ocr_line' id='line_1_20' title="bbox 85 1081 654 1122; baseline 0.002 -11"><span class='ocrx_word' id='word_1_101' title='bbox 85 1081 162 1111; x_wconf 87' lang='lat' dir='ltr'>dent</span> <span class='ocrx_word' id='word_1_102' title='bbox 173 1082 297 1118; x_wconf 83' lang='lat' dir='ltr'>saecula,</span> <span class='ocrx_word' id='word_1_103' title='bbox 318 1092 389 1122; x_wconf 85' lang='lat' dir='ltr'>quae</span> <span class='ocrx_word' id='word_1_104' title='bbox 405 1081 535 1111; x_wconf 86' lang='lat' dir='ltr'>fuerunt</span> <span class='ocrx_word' id='word_1_105' title='bbox 549 1091 556 1111; x_wconf 91' lang='lat'>:</span> <span class='ocrx_word' id='word_1_106' title='bbox 573 1082 604 1111; x_wconf 88' lang='lat'>6.</span> <span class='ocrx_word' id='word_1_107' title='bbox 625 1093 654 1120; x_wconf 89' lang='lat'>7.</span> 
     </span>
     <span class='ocr_line' id='line_1_21' title="bbox 84 1127 656 1168; baseline 0 -10"><span class='ocrx_word' id='word_1_108' title='bbox 84 1127 240 1168; x_wconf 78' lang='lat' dir='ltr'>Adeoque</span> <span class='ocrx_word' id='word_1_109' title='bbox 253 1127 335 1157; x_wconf 84' lang='lat' dir='ltr'>redit</span> <span class='ocrx_word' id='word_1_110' title='bbox 349 1127 594 1157; x_wconf 86' lang='lat' dir='ltr'>nuncsaeculum</span> <span class='ocrx_word' id='word_1_111' title='bbox 607 1129 656 1158; x_wconf 88' lang='lat' dir='ltr'>Sa-</span> 
     </span>
     <span class='ocr_line' id='line_1_22' title="bbox 83 1174 656 1214; baseline -0.002 -11"><span class='ocrx_word' id='word_1_112' title='bbox 83 1175 240 1212; x_wconf 81' lang='lat' dir='ltr'>turnium,</span> <span class='ocrx_word' id='word_1_113' title='bbox 254 1181 285 1204; x_wconf 89' lang='lat' dir='ltr'>et</span> <span class='ocrx_word' id='word_1_114' title='bbox 298 1184 372 1203; x_wconf 89' lang='lat' dir='ltr'>cum</span> <span class='ocrx_word' id='word_1_115' title='bbox 381 1184 418 1203; x_wconf 92' lang='lat' dir='ltr'>eo</span> <span class='ocrx_word' id='word_1_116' title='bbox 427 1174 595 1204; x_wconf 85' lang='lat' dir='ltr'>hominum</span> <span class='ocrx_word' id='word_1_117' title='bbox 608 1184 656 1214; x_wconf 83' lang='lat' dir='ltr'>ge-</span> 
     </span>
     <span class='ocr_line' id='line_1_23' title="bbox 85 1219 656 1260; baseline -0.002 -11"><span class='ocrx_word' id='word_1_118' title='bbox 85 1230 158 1257; x_wconf 90' lang='lat' dir='ltr'>nus,</span> <span class='ocrx_word' id='word_1_119' title='bbox 173 1220 264 1260; x_wconf 87' lang='lat' dir='ltr'>quale</span> <span class='ocrx_word' id='word_1_120' title='bbox 278 1220 394 1250; x_wconf 87' lang='lat' dir='ltr'>saeculo</span> <span class='ocrx_word' id='word_1_121' title='bbox 409 1230 504 1250; x_wconf 88' lang='lat' dir='ltr'>aureo</span> <span class='ocrx_word' id='word_1_122' title='bbox 519 1219 588 1249; x_wconf 64' lang='lat' dir='ltr'>fuit.</span> <span class='ocrx_word' id='word_1_123' title='bbox 599 1221 656 1249; x_wconf 84' lang='lat' dir='ltr'>Ita-</span> 
     </span>
     <span class='ocr_line' id='line_1_24' title="bbox 86 1266 657 1306; baseline 0.002 -11"><span class='ocrx_word' id='word_1_124' title='bbox 86 1275 149 1306; x_wconf 86' lang='lat' dir='ltr'>que</span> <span class='ocrx_word' id='word_1_125' title='bbox 160 1276 188 1295; x_wconf 92' lang='lat' dir='ltr'>v.</span> <span class='ocrx_word' id='word_1_126' title='bbox 202 1266 232 1296; x_wconf 89' lang='lat'>8.</span> <span class='ocrx_word' id='word_1_127' title='bbox 244 1276 263 1306; x_wconf 89' lang='lat'>9</span> <span class='ocrx_word' id='word_1_128' title='bbox 273 1266 442 1304; x_wconf 89' lang='lat' dir='ltr'>subjicitur</span> <span class='ocrx_word' id='word_1_129' title='bbox 454 1275 461 1296; x_wconf 85' lang='lat'>:</span> <span class='ocrx_word' id='word_1_130' title='bbox 472 1276 573 1305; x_wconf 90' lang='lat' dir='ltr'>puero</span> <span class='ocrx_word' id='word_1_131' title='bbox 583 1273 657 1296; x_wconf 84' lang='lat' dir='ltr'>nato</span> 
     </span>
     <span class='ocr_line' id='line_1_25' title="bbox 85 1311 658 1348; baseline -0.002 -7"><span class='ocrx_word' id='word_1_132' title='bbox 85 1312 218 1341; x_wconf 71' lang='lat' dir='ltr'>ferream</span> <span class='ocrx_word' id='word_1_133' title='bbox 231 1318 352 1342; x_wconf 88' lang='lat' dir='ltr'>aetatem</span> <span class='ocrx_word' id='word_1_134' title='bbox 366 1311 518 1348; x_wconf 84' lang='lat' dir='ltr'><strong>desinere,</strong></span> <span class='ocrx_word' id='word_1_135' title='bbox 534 1321 658 1341; x_wconf 84' lang='lat' dir='ltr'>auream</span> 
     </span>
     <span class='ocr_line' id='line_1_26' title="bbox 87 1357 659 1398; baseline -0.002 -11"><span class='ocrx_word' id='word_1_136' title='bbox 87 1358 216 1388; x_wconf 78' lang='lat' dir='ltr'>exoriri.</span> <span class='ocrx_word' id='word_1_137' title='bbox 224 1359 299 1387; x_wconf 87' lang='lat' dir='ltr'>Haec</span> <span class='ocrx_word' id='word_1_138' title='bbox 307 1365 380 1388; x_wconf 82' lang='lat' dir='ltr'>sunt</span> <span class='ocrx_word' id='word_1_139' title='bbox 385 1359 558 1398; x_wconf 81' lang='lat' dir='ltr'>ipsapoetae</span> <span class='ocrx_word' id='word_1_140' title='bbox 564 1357 659 1396; x_wconf 86' lang='lat' dir='ltr'>phan-</span> 
     </span>
     <span class='ocr_line' id='line_1_27' title="bbox 87 1402 657 1440; baseline -0.004 -8"><span class='ocrx_word' id='word_1_141' title='bbox 87 1409 226 1440; x_wconf 83' lang='lat' dir='ltr'>tasmata,</span> <span class='ocrx_word' id='word_1_142' title='bbox 241 1404 268 1432; x_wconf 91' lang='lat' dir='ltr'>si</span> <span class='ocrx_word' id='word_1_143' title='bbox 280 1403 362 1432; x_wconf 87' lang='lat' dir='ltr'>nihil</span> <span class='ocrx_word' id='word_1_144' title='bbox 377 1402 503 1432; x_wconf 85' lang='lat' dir='ltr'><strong>aliunde</strong></span> <span class='ocrx_word' id='word_1_145' title='bbox 521 1402 657 1431; x_wconf 87' lang='lat' dir='ltr'>adscive-</span> 
     </span>
     <span class='ocr_line' id='line_1_28' title="bbox 87 1449 659 1489; baseline -0.003 -11"><span class='ocrx_word' id='word_1_146' title='bbox 87 1450 141 1479; x_wconf 80' lang='lat' dir='ltr'>ris.</span> <span class='ocrx_word' id='word_1_147' title='bbox 155 1449 256 1489; x_wconf 85' lang='lat' dir='ltr'>Igitur</span> <span class='ocrx_word' id='word_1_148' title='bbox 265 1458 390 1478; x_wconf 90' lang='lat' dir='ltr'>carmen</span> <span class='ocrx_word' id='word_1_149' title='bbox 405 1455 474 1477; x_wconf 86' lang='lat' dir='ltr'>tum</span> <span class='ocrx_word' id='word_1_150' title='bbox 488 1454 659 1488; x_wconf 78' lang='lat' dir='ltr'><strong>supererat,</strong></span> 
     </span>
     <span class='ocr_line' id='line_1_29' title="bbox 89 1493 662 1535; baseline -0.002 -12"><span class='ocrx_word' id='word_1_151' title='bbox 89 1493 176 1535; x_wconf 91' lang='lat' dir='ltr'>quod</span> <span class='ocrx_word' id='word_1_152' title='bbox 183 1493 221 1523; x_wconf 90' lang='lat' dir='ltr'>ad</span> <span class='ocrx_word' id='word_1_153' title='bbox 227 1494 378 1535; x_wconf 80' lang='lat' dir='ltr'>Sibyllam</span> <span class='ocrx_word' id='word_1_154' title='bbox 385 1494 558 1524; x_wconf 82' lang='lat' dir='ltr'>Cumanam</span> <span class='ocrx_word' id='word_1_155' title='bbox 566 1494 662 1534; x_wconf 83' lang='lat' dir='ltr'>vulgo</span> 
     </span>
     <span class='ocr_line' id='line_1_30' title="bbox 89 1539 661 1580; baseline -0.003 -10"><span class='ocrx_word' id='word_1_156' title='bbox 89 1540 198 1570; x_wconf 80' lang='lat' dir='ltr'>referri</span> <span class='ocrx_word' id='word_1_157' title='bbox 204 1539 323 1569; x_wconf 86' lang='lat' dir='ltr'>solebat</span> <span class='ocrx_word' id='word_1_158' title='bbox 330 1562 338 1577; x_wconf 95' lang='lat'>,</span> <span class='ocrx_word' id='word_1_159' title='bbox 350 1541 386 1569; x_wconf 88' lang='lat' dir='ltr'>in</span> <span class='ocrx_word' id='word_1_160' title='bbox 392 1550 456 1580; x_wconf 92' lang='lat' dir='ltr'>quo</span> <span class='ocrx_word' id='word_1_161' title='bbox 465 1562 473 1576; x_wconf 95' lang='lat'>,</span> <span class='ocrx_word' id='word_1_162' title='bbox 481 1539 540 1568; x_wconf 85' lang='lat' dir='ltr'>ubi</span> <span class='ocrx_word' id='word_1_163' title='bbox 549 1539 661 1568; x_wconf 83' lang='lat' dir='ltr'>ultima</span> 
     </span>
     <span class='ocr_line' id='line_1_31' title="bbox 90 1584 662 1625; baseline -0.003 -9"><span class='ocrx_word' id='word_1_164' title='bbox 90 1593 169 1616; x_wconf 81' lang='lat' dir='ltr'>aecas</span> <span class='ocrx_word' id='word_1_165' title='bbox 177 1585 362 1623; x_wconf 83' lang='lat' dir='ltr'>advenisset,</span> <span class='ocrx_word' id='word_1_166' title='bbox 373 1595 468 1625; x_wconf 88' lang='lat' dir='ltr'>quam</span> <span class='ocrx_word' id='word_1_167' title='bbox 477 1584 518 1615; x_wconf 88' lang='lat' dir='ltr'>de</span> <span class='ocrx_word' id='word_1_168' title='bbox 525 1595 581 1614; x_wconf 86' lang='lat' dir='ltr'>sna</span> <span class='ocrx_word' id='word_1_169' title='bbox 594 1591 662 1614; x_wconf 90' lang='lat' dir='ltr'>aeta-</span> 
     </span>
     <span class='ocr_line' id='line_1_32' title="bbox 89 1631 659 1672; baseline -0.004 -10"><span class='ocrx_word' id='word_1_170' title='bbox 89 1639 120 1662; x_wconf 82' lang='lat' dir='ltr'>te</span> <span class='ocrx_word' id='word_1_171' title='bbox 135 1633 360 1672; x_wconf 82' lang='lat' dir='ltr'>interpretatur</span> <span class='ocrx_word' id='word_1_172' title='bbox 368 1637 460 1671; x_wconf 83' lang='lat' dir='ltr'>poeta</span> <span class='ocrx_word' id='word_1_173' title='bbox 471 1654 479 1668; x_wconf 91' lang='lat'>,</span> <span class='ocrx_word' id='word_1_174' title='bbox 493 1631 659 1660; x_wconf 87' lang='lat' dir='ltr'>meliorum</span> 
     </span>
     <span class='ocr_line' id='line_1_33' title="bbox 91 1674 662 1718; baseline -0.004 -10"><span class='ocrx_word' id='word_1_175' title='bbox 91 1685 271 1718; x_wconf 76' lang='lat' dir='ltr'>temporum</span> <span class='ocrx_word' id='word_1_176' title='bbox 299 1676 378 1707; x_wconf 91' lang='lat' dir='ltr'>ordo</span> <span class='ocrx_word' id='word_1_177' title='bbox 388 1699 397 1714; x_wconf 94' lang='lat'>,</span> <span class='ocrx_word' id='word_1_178' title='bbox 422 1687 480 1717; x_wconf 87' lang='lat' dir='ltr'>per</span> <span class='ocrx_word' id='word_1_179' title='bbox 500 1674 662 1707; x_wconf 74' lang='grc' dir='ltr'>ἀποκατά-</span> 
     </span>
     <span class='ocr_line' id='line_1_34' title="bbox 91 1722 662 1763; baseline -0.004 -9"><span class='ocrx_word' id='word_1_180' title='bbox 91 1734 195 1754; x_wconf 78' lang='grc' dir='ltr'>στασιν</span> <span class='ocrx_word' id='word_1_181' title='bbox 208 1723 355 1763; x_wconf 83' lang='lat' dir='ltr'>aliquam,</span> <span class='ocrx_word' id='word_1_182' title='bbox 372 1723 478 1753; x_wconf 87' lang='lat' dir='ltr'>denuo</span> <span class='ocrx_word' id='word_1_183' title='bbox 492 1722 662 1763; x_wconf 85' lang='lat' dir='ltr'>procedere</span> 
     </span>
     <span class='ocr_line' id='line_1_35' title="bbox 91 1769 663 1806; baseline -0.003 -6"><span class='ocrx_word' id='word_1_184' title='bbox 91 1769 299 1800; x_wconf 86' lang='lat' dir='ltr'>nuntiabatur</span> <span class='ocrx_word' id='word_1_185' title='bbox 308 1780 316 1806; x_wconf 83' lang='lat'><em>3</em></span> <span class='ocrx_word' id='word_1_186' title='bbox 324 1779 408 1806; x_wconf 89' lang='lat' dir='ltr'>nam,</span> <span class='ocrx_word' id='word_1_187' title='bbox 424 1769 584 1799; x_wconf 80' lang='lat' dir='ltr'>Cumoeum</span> <span class='ocrx_word' id='word_1_188' title='bbox 598 1780 663 1799; x_wconf 88' lang='lat' dir='ltr'>car-</span> 
     </span>
     <span class='ocr_line' id='line_1_36' title="bbox 95 1815 663 1856; baseline -0.004 -10"><span class='ocrx_word' id='word_1_189' title='bbox 95 1827 167 1846; x_wconf 83' lang='lat' dir='ltr'>men</span> <span class='ocrx_word' id='word_1_190' title='bbox 183 1815 222 1845; x_wconf 91' lang='lat' dir='ltr'>de</span> <span class='ocrx_word' id='word_1_191' title='bbox 238 1815 407 1852; x_wconf 78' lang='lat' dir='ltr'>Hesiodeo,</span> <span class='ocrx_word' id='word_1_192' title='bbox 423 1825 439 1844; x_wconf 86' lang='lat' dir='ltr'>a</span> <span class='ocrx_word' id='word_1_193' title='bbox 454 1816 516 1845; x_wconf 89' lang='lat' dir='ltr'>Dio</span> <span class='ocrx_word' id='word_1_194' title='bbox 531 1815 597 1853; x_wconf 85' lang='lat' dir='ltr'>ejus</span> <span class='ocrx_word' id='word_1_195' title='bbox 613 1825 663 1856; x_wconf 84' lang='lat' dir='ltr'>pa-</span> 
     </span>
     <span class='ocr_line' id='line_1_37' title="bbox 94 1860 663 1902; baseline -0.002 -11"><span class='ocrx_word' id='word_1_196' title='bbox 94 1869 152 1899; x_wconf 85' lang='lat' dir='ltr'>tre,</span> <span class='ocrx_word' id='word_1_197' title='bbox 177 1862 276 1892; x_wconf 80' lang='lat' dir='ltr'>Cuma</span> <span class='ocrx_word' id='word_1_198' title='bbox 301 1860 450 1898; x_wconf 90' lang='lat' dir='ltr'>oriundo,</span> <span class='ocrx_word' id='word_1_199' title='bbox 474 1861 663 1902; x_wconf 79' lang='lat' dir='ltr'>intelligere,</span> 
     </span>
     <span class='ocr_line' id='line_1_38' title="bbox 95 1907 665 1938; baseline -0.004 0"><span class='ocrx_word' id='word_1_200' title='bbox 95 1918 163 1938; x_wconf 90' lang='lat' dir='ltr'>non</span> <span class='ocrx_word' id='word_1_201' title='bbox 179 1907 263 1937; x_wconf 88' lang='lat' dir='ltr'>licet.</span> <span class='ocrx_word' id='word_1_202' title='bbox 286 1907 375 1938; x_wconf 86' lang='lat' dir='ltr'>Nihil</span> <span class='ocrx_word' id='word_1_203' title='bbox 400 1907 484 1937; x_wconf 90' lang='lat' dir='ltr'>enim</span> <span class='ocrx_word' id='word_1_204' title='bbox 507 1908 542 1937; x_wconf 91' lang='lat' dir='ltr'>in</span> <span class='ocrx_word' id='word_1_205' title='bbox 556 1907 612 1937; x_wconf 90' lang='lat' dir='ltr'>illo</span> <span class='ocrx_word' id='word_1_206' title='bbox 626 1907 665 1936; x_wconf 88' lang='lat' dir='ltr'>de</span> 
     </span>
     <span class='ocr_line' id='line_1_39' title="bbox 95 1952 668 1983; baseline -0.002 0"><span class='ocrx_word' id='word_1_207' title='bbox 95 1952 333 1983; x_wconf 75' lang='lat' dir='ltr'>revolventibus</span> <span class='ocrx_word' id='word_1_208' title='bbox 346 1963 378 1982; x_wconf 91' lang='lat' dir='ltr'>se</span> <span class='ocrx_word' id='word_1_209' title='bbox 391 1963 425 1982; x_wconf 90' lang='lat' dir='ltr'>ac</span> <span class='ocrx_word' id='word_1_210' title='bbox 440 1952 587 1982; x_wconf 84' lang='lat' dir='ltr'>redituris</span> <span class='ocrx_word' id='word_1_211' title='bbox 601 1959 668 1982; x_wconf 82' lang='lat' dir='ltr'>aeta-</span> 
     </span>
     <span class='ocr_line' id='line_1_40' title="bbox 96 1998 670 2033; baseline 0 -4"><span class='ocrx_word' id='word_1_212' title='bbox 96 1999 183 2029; x_wconf 82' lang='lat' dir='ltr'>tibus</span> <span class='ocrx_word' id='word_1_213' title='bbox 212 1998 395 2028; x_wconf 79' lang='lat' dir='ltr'>melioribus</span> <span class='ocrx_word' id='word_1_214' title='bbox 418 1999 564 2033; x_wconf 46' lang='lat' dir='ltr'>occurrit,</span> <span class='ocrx_word' id='word_1_215' title='bbox 580 2007 587 2028; x_wconf 90' lang='grc'>;</span> <span class='ocrx_word' id='word_1_216' title='bbox 608 1999 670 2029; x_wconf 84' lang='lat' dir='ltr'>nisi</span> 
     </span>
     <span class='ocr_line' id='line_1_41' title="bbox 98 2041 668 2084; baseline 0 -9"><span class='ocrx_word' id='word_1_217' title='bbox 98 2045 234 2075; x_wconf 88' lang='lat' dir='ltr'>obscure</span> <span class='ocrx_word' id='word_1_218' title='bbox 243 2044 347 2074; x_wconf 86' lang='lat' dir='ltr'>elicias</span> <span class='ocrx_word' id='word_1_219' title='bbox 356 2054 397 2073; x_wconf 80' lang='lat' dir='ltr'>ex</span> <span class='ocrx_word' id='word_1_220' title='bbox 405 2055 450 2075; x_wconf 77' lang='lat' dir='ltr'>vs,</span> <span class='ocrx_word' id='word_1_221' title='bbox 467 2055 479 2074; x_wconf 92' lang='lat'>1</span> <span class='ocrx_word' id='word_1_222' title='bbox 488 2055 502 2082; x_wconf 86' lang='lat'><strong>7</strong></span> <span class='ocrx_word' id='word_1_223' title='bbox 511 2045 529 2073; x_wconf 84' lang='lat'><em>5</em></span> <span class='ocrx_word' id='word_1_224' title='bbox 542 2041 668 2084; x_wconf 68' lang='grc' dir='ltr'>ὤφειλον</span> 
     </span>
     <span class='ocr_line' id='line_1_42' title="bbox 99 2088 669 2133; baseline -0.007 -11"><span class='ocrx_word' id='word_1_225' title='bbox 99 2109 144 2114; x_wconf 90' lang='lat'>—-</span> <span class='ocrx_word' id='word_1_226' title='bbox 157 2090 177 2124; x_wconf 79' lang='grc' dir='ltr'>ἢ</span> <span class='ocrx_word' id='word_1_227' title='bbox 199 2088 311 2133; x_wconf 77' lang='grc' dir='ltr'>πρόσθε</span> <span class='ocrx_word' id='word_1_228' title='bbox 327 2089 437 2128; x_wconf 72' lang='grc' dir='ltr'>θκνεῖν,</span> <span class='ocrx_word' id='word_1_229' title='bbox 454 2088 474 2122; x_wconf 75' lang='grc' dir='ltr'>ἢ</span> <span class='ocrx_word' id='word_1_230' title='bbox 492 2088 601 2119; x_wconf 80' lang='grc' dir='ltr'>ἔπειτα</span> <span class='ocrx_word' id='word_1_231' title='bbox 616 2100 669 2132; x_wconf 71' lang='grc' dir='ltr'>γε-</span> 
     </span>
    </p>
   </div>
   <div class='ocr_carea' id='block_1_4' title="bbox 42 2135 671 2185">
    <p class='ocr_par' dir='ltr' id='par_1_5' title="bbox 42 2135 671 2185">
     <span class='ocr_line' id='line_1_43' title="bbox 42 2135 671 2185; baseline -0.002 -18"><span class='ocrx_word' id='word_1_232' title='bbox 42 2178 51 2185; x_wconf 37' lang='grc'><strong>,</strong></span> <span class='ocrx_word' id='word_1_233' title='bbox 100 2136 212 2168; x_wconf 80' lang='grc' dir='ltr'><strong>νέσθαι.</strong></span> <span class='ocrx_word' id='word_1_234' title='bbox 234 2139 323 2178; x_wconf 88' lang='lat' dir='ltr'>Quot</span> <span class='ocrx_word' id='word_1_235' title='bbox 341 2142 445 2166; x_wconf 87' lang='lat' dir='ltr'>aetates</span> <span class='ocrx_word' id='word_1_236' title='bbox 461 2135 579 2177; x_wconf 83' lang='lat' dir='ltr'>Sibylla</span> <span class='ocrx_word' id='word_1_237' title='bbox 595 2145 671 2166; x_wconf 90' lang='lat' dir='ltr'>con-</span> 
     </span>
    </p>
   </div>
   <div class='ocr_carea' id='block_1_5' title="bbox 101 2181 669 2220">
    <p class='ocr_par' dir='ltr' id='par_1_6' title="bbox 101 2181 669 2220">
     <span class='ocr_line' id='line_1_44' title="bbox 101 2181 669 2220; baseline 0 -7"><span class='ocrx_word' id='word_1_238' title='bbox 101 2184 249 2220; x_wconf 77' lang='lat' dir='ltr'>stituerit,</span> <span class='ocrx_word' id='word_1_239' title='bbox 279 2193 319 2213; x_wconf 81' lang='lat' dir='ltr'>ex</span> <span class='ocrx_word' id='word_1_240' title='bbox 341 2181 373 2213; x_wconf 87' lang='lat' dir='ltr'>h.</span> <span class='ocrx_word' id='word_1_241' title='bbox 396 2182 418 2212; x_wconf 89' lang='lat' dir='ltr'>l.</span> <span class='ocrx_word' id='word_1_242' title='bbox 446 2192 512 2212; x_wconf 90' lang='lat' dir='ltr'>non</span> <span class='ocrx_word' id='word_1_243' title='bbox 539 2188 669 2213; x_wconf 81' lang='lat' dir='ltr'>constat.</span> 
     </span>
    </p>
   </div>
   <div class='ocr_carea' id='block_1_6' title="bbox 704 395 1297 2222">
    <p class='ocr_par' dir='ltr' id='par_1_7' title="bbox 704 395 1297 2222">
     <span class='ocr_line' id='line_1_45' title="bbox 704 395 1277 425; baseline -0.002 -1"><span class='ocrx_word' id='word_1_244' title='bbox 704 396 805 425; x_wconf 82' lang='lat' dir='ltr'>Etiam</span> <span class='ocrx_word' id='word_1_245' title='bbox 821 395 856 424; x_wconf 88' lang='lat' dir='ltr'>in</span> <span class='ocrx_word' id='word_1_246' title='bbox 882 401 1016 425; x_wconf 84' lang='lat' dir='ltr'>retracto</span> <span class='ocrx_word' id='word_1_247' title='bbox 1039 400 1164 424; x_wconf 85' lang='lat' dir='ltr'>aetatum</span> <span class='ocrx_word' id='word_1_248' title='bbox 1181 404 1277 424; x_wconf 85' lang='lat' dir='ltr'>cursu</span> 
     </span>
     <span class='ocr_line' id='line_1_46' title="bbox 704 440 1278 471; baseline 0 -1"><span class='ocrx_word' id='word_1_249' title='bbox 704 451 781 471; x_wconf 83' lang='lat' dir='ltr'>mox</span> <span class='ocrx_word' id='word_1_250' title='bbox 806 445 929 470; x_wconf 86' lang='lat' dir='ltr'>tantum</span> <span class='ocrx_word' id='word_1_251' title='bbox 951 447 1143 469; x_wconf 88' lang='lat' dir='ltr'>memoratur</span> <span class='ocrx_word' id='word_1_252' title='bbox 1167 440 1278 470; x_wconf 87' lang='lat' dir='ltr'>melior</span> 
     </span>
     <span class='ocr_line' id='line_1_47' title="bbox 704 485 1278 523; baseline -0.003 -7"><span class='ocrx_word' id='word_1_253' title='bbox 704 497 759 516; x_wconf 91' lang='lat' dir='ltr'>seu</span> <span class='ocrx_word' id='word_1_254' title='bbox 773 496 865 516; x_wconf 85' lang='lat' dir='ltr'>aurea</span> <span class='ocrx_word' id='word_1_255' title='bbox 871 493 952 523; x_wconf 82' lang='lat' dir='ltr'>aetas,</span> <span class='ocrx_word' id='word_1_256' title='bbox 961 496 1014 515; x_wconf 90' lang='lat' dir='ltr'>sua</span> <span class='ocrx_word' id='word_1_257' title='bbox 1022 485 1161 521; x_wconf 77' lang='lat' dir='ltr'>exordja‚</span> <span class='ocrx_word' id='word_1_258' title='bbox 1175 487 1278 515; x_wconf 84' lang='lat' dir='ltr'>incre-</span> 
     </span>
     <span class='ocr_line' id='line_1_48' title="bbox 704 529 1279 574; baseline -0.002 -12"><span class='ocrx_word' id='word_1_259' title='bbox 704 539 824 568; x_wconf 84' lang='lat' dir='ltr'>menta,</span> <span class='ocrx_word' id='word_1_260' title='bbox 840 539 871 562; x_wconf 90' lang='lat' dir='ltr'>et</span> <span class='ocrx_word' id='word_1_261' title='bbox 884 529 985 574; x_wconf 71' lang='grc' dir='ltr'>ἀκμὴν</span> <span class='ocrx_word' id='word_1_262' title='bbox 999 532 1128 562; x_wconf 83' lang='lat' dir='ltr'>habens.</span> <span class='ocrx_word' id='word_1_263' title='bbox 1139 532 1171 562; x_wconf 89' lang='lat' dir='ltr'>Si</span> <span class='ocrx_word' id='word_1_264' title='bbox 1185 541 1279 571; x_wconf 88' lang='lat' dir='ltr'>quem</span> 
     </span>
     <span class='ocr_line' id='line_1_49' title="bbox 706 576 1279 617; baseline -0.003 -9"><span class='ocrx_word' id='word_1_265' title='bbox 706 589 782 608; x_wconf 82' lang='lat' dir='ltr'>vero</span> <span class='ocrx_word' id='word_1_266' title='bbox 790 577 870 607; x_wconf 87' lang='lat' dir='ltr'>illud</span> <span class='ocrx_word' id='word_1_267' title='bbox 879 578 957 607; x_wconf 87' lang='lat' dir='ltr'>male</span> <span class='ocrx_word' id='word_1_268' title='bbox 965 578 1077 615; x_wconf 89' lang='lat' dir='ltr'>habet,</span> <span class='ocrx_word' id='word_1_269' title='bbox 1093 576 1191 617; x_wconf 89' lang='lat' dir='ltr'>quod,</span> <span class='ocrx_word' id='word_1_270' title='bbox 1206 587 1279 607; x_wconf 88' lang='lat' dir='ltr'>cum</span> 
     </span>
     <span class='ocr_line' id='line_1_50' title="bbox 711 623 1279 665; baseline -0.002 -12"><span class='ocrx_word' id='word_1_271' title='bbox 711 625 860 656; x_wconf 83' lang='lat' dir='ltr'>Cumanae</span> <span class='ocrx_word' id='word_1_272' title='bbox 879 624 1007 665; x_wconf 79' lang='lat' dir='ltr'>Sibyllae</span> <span class='ocrx_word' id='word_1_273' title='bbox 1029 623 1103 653; x_wconf 86' lang='lat' dir='ltr'>libri</span> <span class='ocrx_word' id='word_1_274' title='bbox 1129 624 1164 652; x_wconf 89' lang='lat' dir='ltr'>in</span> <span class='ocrx_word' id='word_1_275' title='bbox 1188 623 1279 663; x_wconf 84' lang='lat' dir='ltr'>Capi·</span> 
     </span>
     <span class='ocr_line' id='line_1_51' title="bbox 712 669 1281 707; baseline -0.002 -7"><span class='ocrx_word' id='word_1_276' title='bbox 712 670 791 700; x_wconf 80' lang='lat' dir='ltr'>tolio</span> <span class='ocrx_word' id='word_1_277' title='bbox 812 677 1026 707; x_wconf 84' lang='lat' dir='ltr'>servarentur,</span> <span class='ocrx_word' id='word_1_278' title='bbox 1045 669 1126 699; x_wconf 86' lang='lat' dir='ltr'>nihil</span> <span class='ocrx_word' id='word_1_279' title='bbox 1145 678 1185 698; x_wconf 84' lang='lat' dir='ltr'>ex</span> <span class='ocrx_word' id='word_1_280' title='bbox 1202 669 1240 698; x_wconf 83' lang='lat' dir='ltr'>iis</span> <span class='ocrx_word' id='word_1_281' title='bbox 1264 680 1281 699; x_wconf 84' lang='lat' dir='ltr'>a</span> 
     </span>
     <span class='ocr_line' id='line_1_52' title="bbox 705 715 1278 756; baseline -0.002 -10"><span class='ocrx_word' id='word_1_282' title='bbox 705 723 797 756; x_wconf 80' lang='lat' dir='ltr'>poeta</span> <span class='ocrx_word' id='word_1_283' title='bbox 811 717 884 745; x_wconf 87' lang='lat' dir='ltr'>sciri</span> <span class='ocrx_word' id='word_1_284' title='bbox 905 722 959 744; x_wconf 90' lang='lat' dir='ltr'>aut</span> <span class='ocrx_word' id='word_1_285' title='bbox 974 715 1096 755; x_wconf 81' lang='lat' dir='ltr'>vulgari</span> <span class='ocrx_word' id='word_1_286' title='bbox 1116 716 1256 754; x_wconf 88' lang='lat' dir='ltr'>potuerit</span> <span class='ocrx_word' id='word_1_287' title='bbox 1270 725 1278 745; x_wconf 76' lang='grc' dir='ltr'><strong><em>ε</em></strong></span> 
     </span>
     <span class='ocr_line' id='line_1_53' title="bbox 706 761 1279 797; baseline -0.002 -6"><span class='ocrx_word' id='word_1_288' title='bbox 706 761 878 791; x_wconf 79' lang='lat' dir='ltr'>tenendum</span> <span class='ocrx_word' id='word_1_289' title='bbox 903 767 958 797; x_wconf 89' lang='lat' dir='ltr'>est,</span> <span class='ocrx_word' id='word_1_290' title='bbox 981 761 1167 789; x_wconf 90' lang='lat' dir='ltr'>auctoritate</span> <span class='ocrx_word' id='word_1_291' title='bbox 1184 762 1279 790; x_wconf 85' lang='lat' dir='ltr'>Sena·</span> 
     </span>
     <span class='ocr_line' id='line_1_54' title="bbox 706 805 1281 846; baseline 0 -10"><span class='ocrx_word' id='word_1_292' title='bbox 706 813 768 843; x_wconf 86' lang='lat' dir='ltr'>tus,</span> <span class='ocrx_word' id='word_1_293' title='bbox 783 816 844 846; x_wconf 87' lang='lat' dir='ltr'>qua</span> <span class='ocrx_word' id='word_1_294' title='bbox 859 805 987 846; x_wconf 88' lang='lat' dir='ltr'>quidem</span> <span class='ocrx_word' id='word_1_295' title='bbox 1003 806 1074 834; x_wconf 84' lang='lat' dir='ltr'>talia</span> <span class='ocrx_word' id='word_1_296' title='bbox 1091 807 1140 846; x_wconf 85' lang='lat' dir='ltr'>agi</span> <span class='ocrx_word' id='word_1_297' title='bbox 1155 805 1198 835; x_wconf 82' lang='lat' dir='ltr'>fas</span> <span class='ocrx_word' id='word_1_298' title='bbox 1215 814 1281 836; x_wconf 88' lang='lat' dir='ltr'>erat</span> 
     </span>
     <span class='ocr_line' id='line_1_55' title="bbox 708 851 1278 892; baseline -0.004 -11"><span class='ocrx_word' id='word_1_299' title='bbox 708 852 766 892; x_wconf 86' lang='lat' dir='ltr'>(V.</span> <span class='ocrx_word' id='word_1_300' title='bbox 794 853 856 881; x_wconf 90' lang='lat' dir='ltr'>Dio</span> <span class='ocrx_word' id='word_1_301' title='bbox 878 851 934 881; x_wconf 89' lang='lat' dir='ltr'>lib.</span> <span class='ocrx_word' id='word_1_302' title='bbox 958 853 1120 888; x_wconf 74' lang='lat' dir='ltr'>XXXIX,</span> <span class='ocrx_word' id='word_1_303' title='bbox 1140 861 1168 880; x_wconf 91' lang='lat' dir='ltr'>c.</span> <span class='ocrx_word' id='word_1_304' title='bbox 1196 852 1278 891; x_wconf 85' lang='lat'>15),</span> 
     </span>
     <span class='ocr_line' id='line_1_56' title="bbox 708 896 1281 938; baseline 0 -11"><span class='ocrx_word' id='word_1_305' title='bbox 708 898 806 927; x_wconf 78' lang='lat' dir='ltr'>multa</span> <span class='ocrx_word' id='word_1_306' title='bbox 824 898 939 938; x_wconf 86' lang='lat' dir='ltr'>passim</span> <span class='ocrx_word' id='word_1_307' title='bbox 953 907 994 927; x_wconf 84' lang='lat' dir='ltr'>ex</span> <span class='ocrx_word' id='word_1_308' title='bbox 1009 897 1099 926; x_wconf 89' lang='lat' dir='ltr'>libris</span> <span class='ocrx_word' id='word_1_309' title='bbox 1117 896 1281 937; x_wconf 81' lang='lat' dir='ltr'>Sibyllinis</span> 
     </span>
     <span class='ocr_line' id='line_1_57' title="bbox 707 943 1281 984; baseline 0 -12"><span class='ocrx_word' id='word_1_310' title='bbox 707 944 832 984; x_wconf 83' lang='lat' dir='ltr'>vulgata</span> <span class='ocrx_word' id='word_1_311' title='bbox 843 966 852 980; x_wconf 97' lang='lat'>,</span> <span class='ocrx_word' id='word_1_312' title='bbox 870 950 901 973; x_wconf 87' lang='lat' dir='ltr'>et</span> <span class='ocrx_word' id='word_1_313' title='bbox 914 949 1063 984; x_wconf 77' lang='lat' dir='ltr'>praeterea</span> <span class='ocrx_word' id='word_1_314' title='bbox 1077 953 1225 983; x_wconf 86' lang='lat' dir='ltr'>magnum</span> <span class='ocrx_word' id='word_1_315' title='bbox 1240 943 1281 973; x_wconf 86' lang='lat' dir='ltr'>ef-</span> 
     </span>
     <span class='ocr_line' id='line_1_58' title="bbox 708 989 1281 1030; baseline -0.002 -11"><span class='ocrx_word' id='word_1_316' title='bbox 708 990 843 1019; x_wconf 84' lang='lat' dir='ltr'>fatorum</span> <span class='ocrx_word' id='word_1_317' title='bbox 857 989 1087 1030; x_wconf 85' lang='lat' dir='ltr'>Sibyllinorum</span> <span class='ocrx_word' id='word_1_318' title='bbox 1099 999 1281 1027; x_wconf 84' lang='lat' dir='ltr'>numerum,</span> 
     </span>
     <span class='ocr_line' id='line_1_59' title="bbox 710 1035 1282 1076; baseline -0.002 -11"><span class='ocrx_word' id='word_1_319' title='bbox 710 1035 934 1076; x_wconf 89' lang='lat' dir='ltr'>undecumque</span> <span class='ocrx_word' id='word_1_320' title='bbox 962 1043 1126 1076; x_wconf 88' lang='lat' dir='ltr'>acceptum</span> <span class='ocrx_word' id='word_1_321' title='bbox 1140 1057 1148 1072; x_wconf 88' lang='lat'>,</span> <span class='ocrx_word' id='word_1_322' title='bbox 1182 1042 1213 1064; x_wconf 86' lang='lat' dir='ltr'>et</span> <span class='ocrx_word' id='word_1_323' title='bbox 1241 1046 1282 1064; x_wconf 77' lang='lat' dir='ltr'>ex</span> 
     </span>
     <span class='ocr_line' id='line_1_60' title="bbox 710 1081 1282 1122; baseline -0.002 -11"><span class='ocrx_word' id='word_1_324' title='bbox 710 1083 833 1112; x_wconf 85' lang='lat' dir='ltr'>cunctis</span> <span class='ocrx_word' id='word_1_325' title='bbox 870 1081 1017 1122; x_wconf 84' lang='lat' dir='ltr'>gentibus</span> <span class='ocrx_word' id='word_1_326' title='bbox 1055 1088 1255 1122; x_wconf 85' lang='lat' dir='ltr'>apportatum</span> <span class='ocrx_word' id='word_1_327' title='bbox 1272 1103 1282 1117; x_wconf 91' lang='lat'>,</span> 
     </span>
     <span class='ocr_line' id='line_1_61' title="bbox 709 1127 1282 1169; baseline -0.002 -12"><span class='ocrx_word' id='word_1_328' title='bbox 709 1128 805 1169; x_wconf 85' lang='lat' dir='ltr'>vulgo</span> <span class='ocrx_word' id='word_1_329' title='bbox 838 1130 921 1158; x_wconf 88' lang='lat' dir='ltr'>inter</span> <span class='ocrx_word' id='word_1_330' title='bbox 955 1127 1099 1158; x_wconf 86' lang='lat' dir='ltr'>homines</span> <span class='ocrx_word' id='word_1_331' title='bbox 1131 1128 1282 1166; x_wconf 87' lang='lat' dir='ltr'>jactatum</span> 
     </span>
     <span class='ocr_line' id='line_1_62' title="bbox 709 1174 1282 1214; baseline 0 -12"><span class='ocrx_word' id='word_1_332' title='bbox 709 1174 813 1204; x_wconf 79' lang='lat' dir='ltr'>fuisse.</span> <span class='ocrx_word' id='word_1_333' title='bbox 836 1185 866 1205; x_wconf 77' lang='lat' dir='ltr'>v,</span> <span class='ocrx_word' id='word_1_334' title='bbox 888 1175 1133 1214; x_wconf 83' lang='lat' dir='ltr'>Argumentum.</span> <span class='ocrx_word' id='word_1_335' title='bbox 1157 1174 1282 1205; x_wconf 74' lang='lat' dir='ltr'>Consti·</span> 
     </span>
     <span class='ocr_line' id='line_1_63' title="bbox 711 1221 1283 1259; baseline -0.003 -10"><span class='ocrx_word' id='word_1_336' title='bbox 711 1221 772 1249; x_wconf 87' lang='lat' dir='ltr'>tuit</span> <span class='ocrx_word' id='word_1_337' title='bbox 786 1227 891 1250; x_wconf 82' lang='lat' dir='ltr'>autem</span> <span class='ocrx_word' id='word_1_338' title='bbox 907 1226 1000 1259; x_wconf 87' lang='lat' dir='ltr'>poeta</span> <span class='ocrx_word' id='word_1_339' title='bbox 1018 1225 1139 1249; x_wconf 85' lang='lat' dir='ltr'>aetatem</span> <span class='ocrx_word' id='word_1_340' title='bbox 1157 1228 1283 1248; x_wconf 84' lang='lat' dir='ltr'>auream</span> 
     </span>
     <span class='ocr_line' id='line_1_64' title="bbox 710 1264 1281 1306; baseline -0.004 -11"><span class='ocrx_word' id='word_1_341' title='bbox 710 1276 767 1306; x_wconf 87' lang='lat' dir='ltr'>per</span> <span class='ocrx_word' id='word_1_342' title='bbox 782 1272 884 1296; x_wconf 89' lang='lat' dir='ltr'>certos</span> <span class='ocrx_word' id='word_1_343' title='bbox 898 1264 1011 1305; x_wconf 85' lang='lat' dir='ltr'>gradus</span> <span class='ocrx_word' id='word_1_344' title='bbox 1027 1275 1061 1294; x_wconf 89' lang='lat' dir='ltr'>ac</span> <span class='ocrx_word' id='word_1_345' title='bbox 1080 1274 1262 1305; x_wconf 84' lang='lat' dir='ltr'>progressus</span> <span class='ocrx_word' id='word_1_346' title='bbox 1272 1287 1281 1301; x_wconf 86' lang='lat'>,</span> 
     </span>
     <span class='ocr_line' id='line_1_65' title="bbox 711 1310 1285 1350; baseline -0.005 -9"><span class='ocrx_word' id='word_1_347' title='bbox 711 1321 792 1350; x_wconf 90' lang='lat' dir='ltr'>quos</span> <span class='ocrx_word' id='word_1_348' title='bbox 818 1310 994 1341; x_wconf 84' lang='lat' dir='ltr'>secundum</span> <span class='ocrx_word' id='word_1_349' title='bbox 1030 1312 1103 1340; x_wconf 79' lang='lat' dir='ltr'>vitae</span> <span class='ocrx_word' id='word_1_350' title='bbox 1137 1310 1285 1339; x_wconf 75' lang='lat' dir='ltr'>humanae</span> 
     </span>
     <span class='ocr_line' id='line_1_66' title="bbox 711 1356 1283 1397; baseline -0.003 -11"><span class='ocrx_word' id='word_1_351' title='bbox 711 1357 825 1397; x_wconf 85' lang='lat' dir='ltr'>gradus</span> <span class='ocrx_word' id='word_1_352' title='bbox 841 1357 1019 1392; x_wconf 64' lang='lat' dir='ltr'>constitum</span> <span class='ocrx_word' id='word_1_353' title='bbox 1038 1366 1093 1396; x_wconf 85' lang='lat' dir='ltr'>per</span> <span class='ocrx_word' id='word_1_354' title='bbox 1105 1356 1283 1395; x_wconf 78' lang='lat' dir='ltr'>pueritiam,</span> 
     </span>
     <span class='ocr_line' id='line_1_67' title="bbox 717 1400 1285 1432; baseline -0.002 -1"><span class='ocrx_word' id='word_1_355' title='bbox 717 1413 730 1431; x_wconf 92' lang='lat'>1</span> <span class='ocrx_word' id='word_1_356' title='bbox 739 1403 756 1431; x_wconf 85' lang='lat'>8</span> <span class='ocrx_word' id='word_1_357' title='bbox 772 1420 818 1425; x_wconf 92' lang='lat'>—-</span> <span class='ocrx_word' id='word_1_358' title='bbox 828 1403 870 1432; x_wconf 84' lang='lat'>25</span> <span class='ocrx_word' id='word_1_359' title='bbox 886 1402 963 1432; x_wconf 90' lang='lat' dir='ltr'>dum</span> <span class='ocrx_word' id='word_1_360' title='bbox 979 1402 1076 1431; x_wconf 84' lang='lat' dir='ltr'>aetatis</span> <span class='ocrx_word' id='word_1_361' title='bbox 1090 1401 1196 1431; x_wconf 83' lang='lat' dir='ltr'>ferreae</span> <span class='ocrx_word' id='word_1_362' title='bbox 1205 1400 1285 1430; x_wconf 82' lang='lat' dir='ltr'>mala</span> 
     </span>
     <span class='ocr_line' id='line_1_68' title="bbox 713 1445 1285 1485; baseline -0.005 -7"><span class='ocrx_word' id='word_1_363' title='bbox 713 1447 850 1478; x_wconf 88' lang='lat' dir='ltr'>desitura</span> <span class='ocrx_word' id='word_1_364' title='bbox 866 1470 874 1485; x_wconf 94' lang='lat'><strong>‚</strong></span> <span class='ocrx_word' id='word_1_365' title='bbox 903 1458 1003 1477; x_wconf 87' lang='lat' dir='ltr'>aureae</span> <span class='ocrx_word' id='word_1_366' title='bbox 1031 1447 1115 1477; x_wconf 86' lang='lat' dir='ltr'>bona</span> <span class='ocrx_word' id='word_1_367' title='bbox 1147 1445 1285 1476; x_wconf 81' lang='lat' dir='ltr'>reditura</span> 
     </span>
     <span class='ocr_line' id='line_1_69' title="bbox 713 1493 1285 1535; baseline -0.005 -11"><span class='ocrx_word' id='word_1_368' title='bbox 713 1501 803 1531; x_wconf 80' lang='lat' dir='ltr'>sunt3</span> <span class='ocrx_word' id='word_1_369' title='bbox 814 1501 882 1524; x_wconf 85' lang='lat' dir='ltr'>tum</span> <span class='ocrx_word' id='word_1_370' title='bbox 892 1505 948 1535; x_wconf 85' lang='lat' dir='ltr'>per</span> <span class='ocrx_word' id='word_1_371' title='bbox 963 1493 1212 1529; x_wconf 87' lang='lat' dir='ltr'>adolescentiam,</span> <span class='ocrx_word' id='word_1_372' title='bbox 1223 1502 1285 1532; x_wconf 81' lang='lat' dir='ltr'>qua</span> 
     </span>
     <span class='ocr_line' id='line_1_70' title="bbox 713 1538 1287 1580; baseline -0.005 -10"><span class='ocrx_word' id='word_1_373' title='bbox 713 1540 881 1580; x_wconf 81' lang='lat' dir='ltr'>perfectior</span> <span class='ocrx_word' id='word_1_374' title='bbox 897 1539 1026 1580; x_wconf 87' lang='lat' dir='ltr'>quidem</span> <span class='ocrx_word' id='word_1_375' title='bbox 1042 1546 1130 1576; x_wconf 80' lang='lat' dir='ltr'>aetas,</span> <span class='ocrx_word' id='word_1_376' title='bbox 1150 1538 1287 1568; x_wconf 82' lang='lat' dir='ltr'>heroicae</span> 
     </span>
     <span class='ocr_line' id='line_1_71' title="bbox 714 1585 1286 1625; baseline -0.003 -10"><span class='ocrx_word' id='word_1_377' title='bbox 714 1592 818 1615; x_wconf 90' lang='lat' dir='ltr'>tamen</span> <span class='ocrx_word' id='word_1_378' title='bbox 849 1586 959 1615; x_wconf 82' lang='lat' dir='ltr'>similis</span> <span class='ocrx_word' id='word_1_379' title='bbox 969 1608 977 1622; x_wconf 89' lang='lat'>,</span> <span class='ocrx_word' id='word_1_380' title='bbox 1013 1594 1198 1625; x_wconf 88' lang='lat' dir='ltr'>processura</span> <span class='ocrx_word' id='word_1_381' title='bbox 1229 1585 1286 1620; x_wconf 83' lang='lat' dir='ltr'>sit;</span> 
     </span>
     <span class='ocr_line' id='line_1_72' title="bbox 717 1631 1286 1666; baseline -0.005 -5"><span class='ocrx_word' id='word_1_382' title='bbox 717 1632 759 1662; x_wconf 87' lang='lat'>26</span> <span class='ocrx_word' id='word_1_383' title='bbox 770 1650 814 1654; x_wconf 92' lang='lat'><strong>—</strong></span> <span class='ocrx_word' id='word_1_384' title='bbox 827 1632 868 1661; x_wconf 85' lang='lat'>36</span> <span class='ocrx_word' id='word_1_385' title='bbox 883 1642 957 1661; x_wconf 87' lang='lat' dir='ltr'>cum</span> <span class='ocrx_word' id='word_1_386' title='bbox 971 1631 1057 1661; x_wconf 82' lang='lat' dir='ltr'>virili</span> <span class='ocrx_word' id='word_1_387' title='bbox 1069 1638 1173 1660; x_wconf 91' lang='lat' dir='ltr'>autem</span> <span class='ocrx_word' id='word_1_388' title='bbox 1186 1636 1286 1666; x_wconf 86' lang='lat' dir='ltr'>aetate,</span> 
     </span>
     <span class='ocr_line' id='line_1_73' title="bbox 715 1677 1288 1718; baseline -0.007 -10"><span class='ocrx_word' id='word_1_389' title='bbox 715 1685 865 1718; x_wconf 87' lang='lat' dir='ltr'>tanquam</span> <span class='ocrx_word' id='word_1_390' title='bbox 881 1679 973 1708; x_wconf 89' lang='lat' dir='ltr'>tertio</span> <span class='ocrx_word' id='word_1_391' title='bbox 990 1677 1089 1718; x_wconf 82' lang='lat' dir='ltr'>gradu</span> <span class='ocrx_word' id='word_1_392' title='bbox 1108 1678 1213 1717; x_wconf 86' lang='lat' dir='ltr'>ipsum</span> <span class='ocrx_word' id='word_1_393' title='bbox 1236 1685 1288 1704; x_wconf 74' lang='lat' dir='ltr'>sae-</span> 
     </span>
     <span class='ocr_line' id='line_1_74' title="bbox 716 1725 1288 1754; baseline -0.009 0"><span class='ocrx_word' id='word_1_394' title='bbox 716 1725 825 1754; x_wconf 88' lang='lat' dir='ltr'>culum</span> <span class='ocrx_word' id='word_1_395' title='bbox 842 1725 1024 1754; x_wconf 81' lang='lat' dir='ltr'>Saturnium</span> <span class='ocrx_word' id='word_1_396' title='bbox 1046 1733 1109 1753; x_wconf 86' lang='lat' dir='ltr'>esse</span> <span class='ocrx_word' id='word_1_397' title='bbox 1126 1731 1288 1751; x_wconf 86' lang='lat' dir='ltr'>successu-</span> 
     </span>
     <span class='ocr_line' id='line_1_75' title="bbox 716 1767 1288 1807; baseline -0.01 -6"><span class='ocrx_word' id='word_1_398' title='bbox 716 1781 798 1801; x_wconf 81' lang='lat' dir='ltr'>rum.</span> <span class='ocrx_word' id='word_1_399' title='bbox 819 1771 944 1800; x_wconf 84' lang='lat' dir='ltr'>Poetica</span> <span class='ocrx_word' id='word_1_400' title='bbox 963 1769 1031 1799; x_wconf 90' lang='lat' dir='ltr'>haec</span> <span class='ocrx_word' id='word_1_401' title='bbox 1057 1779 1121 1798; x_wconf 83' lang='lat' dir='ltr'>esse</span> <span class='ocrx_word' id='word_1_402' title='bbox 1142 1767 1288 1807; x_wconf 86' lang='lat' dir='ltr'>phantas-</span> 
     </span>
     <span class='ocr_line' id='line_1_76' title="bbox 717 1814 1291 1854; baseline -0.009 -8"><span class='ocrx_word' id='word_1_403' title='bbox 717 1824 808 1853; x_wconf 84' lang='lat' dir='ltr'>mata,</span> <span class='ocrx_word' id='word_1_404' title='bbox 828 1827 886 1846; x_wconf 88' lang='lat' dir='ltr'>nec</span> <span class='ocrx_word' id='word_1_405' title='bbox 901 1816 1044 1845; x_wconf 83' lang='lat' dir='ltr'>historici</span> <span class='ocrx_word' id='word_1_406' title='bbox 1058 1814 1229 1854; x_wconf 83' lang='lat' dir='ltr'>quicquam</span> <span class='ocrx_word' id='word_1_407' title='bbox 1246 1822 1291 1841; x_wconf 89' lang='lat' dir='ltr'>ar-</span> 
     </span>
     <span class='ocr_line' id='line_1_77' title="bbox 717 1858 1290 1904; baseline -0.009 -12"><span class='ocrx_word' id='word_1_408' title='bbox 717 1863 870 1904; x_wconf 84' lang='lat' dir='ltr'>gumenti,</span> <span class='ocrx_word' id='word_1_409' title='bbox 887 1872 927 1891; x_wconf 92' lang='lat' dir='ltr'>ne</span> <span class='ocrx_word' id='word_1_410' title='bbox 945 1861 1131 1891; x_wconf 84' lang='lat' dir='ltr'>vaticinium</span> <span class='ocrx_word' id='word_1_411' title='bbox 1149 1858 1290 1899; x_wconf 86' lang='lat' dir='ltr'>quidem,</span> 
     </span>
     <span class='ocr_line' id='line_1_78' title="bbox 718 1903 1293 1946; baseline -0.009 -8"><span class='ocrx_word' id='word_1_412' title='bbox 718 1909 861 1945; x_wconf 80' lang='lat' dir='ltr'>subesse,</span> <span class='ocrx_word' id='word_1_413' title='bbox 875 1908 947 1936; x_wconf 90' lang='lat' dir='ltr'>satis</span> <span class='ocrx_word' id='word_1_414' title='bbox 960 1911 1102 1946; x_wconf 87' lang='lat' dir='ltr'>apparet,</span> <span class='ocrx_word' id='word_1_415' title='bbox 1118 1903 1293 1937; x_wconf 86' lang='lat' dir='ltr'>dummodo</span> 
     </span>
     <span class='ocr_line' id='line_1_79' title="bbox 720 1950 1294 1989; baseline -0.007 -5"><span class='ocrx_word' id='word_1_416' title='bbox 720 1954 801 1984; x_wconf 83' lang='lat' dir='ltr'>nihil</span> <span class='ocrx_word' id='word_1_417' title='bbox 816 1952 942 1983; x_wconf 86' lang='lat' dir='ltr'>aliunde</span> <span class='ocrx_word' id='word_1_418' title='bbox 951 1952 1105 1989; x_wconf 81' lang='lat' dir='ltr'>intuleris,</span> <span class='ocrx_word' id='word_1_419' title='bbox 1121 1957 1162 1988; x_wconf 83' lang='lat' dir='ltr'>et,</span> <span class='ocrx_word' id='word_1_420' title='bbox 1178 1950 1236 1980; x_wconf 86' lang='lat' dir='ltr'>ubi</span> <span class='ocrx_word' id='word_1_421' title='bbox 1248 1951 1294 1980; x_wconf 89' lang='lat' dir='ltr'>in-</span> 
     </span>
     <span class='ocr_line' id='line_1_80' title="bbox 723 1997 1293 2039; baseline -0.004 -11"><span class='ocrx_word' id='word_1_422' title='bbox 723 1999 853 2035; x_wconf 82' lang='lat' dir='ltr'>tuleras,</span> <span class='ocrx_word' id='word_1_423' title='bbox 882 2008 922 2029; x_wconf 80' lang='lat' dir='ltr'>ex</span> <span class='ocrx_word' id='word_1_424' title='bbox 948 2008 986 2028; x_wconf 83' lang='lat' dir='ltr'>eo</span> <span class='ocrx_word' id='word_1_425' title='bbox 1012 1997 1237 2039; x_wconf 86' lang='lat' dir='ltr'>argumenteris</span> <span class='ocrx_word' id='word_1_426' title='bbox 1259 2006 1293 2026; x_wconf 85' lang='lat' dir='ltr'>ac</span> 
     </span>
     <span class='ocr_line' id='line_1_81' title="bbox 723 2041 1294 2085; baseline -0.005 -11"><span class='ocrx_word' id='word_1_427' title='bbox 723 2044 926 2085; x_wconf 78' lang='lat' dir='ltr'>dispute5.—</span> <span class='ocrx_word' id='word_1_428' title='bbox 939 2044 970 2074; x_wconf 90' lang='lat'>6.</span> <span class='ocrx_word' id='word_1_429' title='bbox 988 2043 1100 2085; x_wconf 77' lang='lat' dir='ltr'>Virgo,</span> <span class='ocrx_word' id='word_1_430' title='bbox 1120 2041 1206 2075; x_wconf 73' lang='grc' dir='ltr'><strong>Δίκη.</strong></span> <span class='ocrx_word' id='word_1_431' title='bbox 1223 2044 1294 2073; x_wconf 79' lang='lat' dir='ltr'>Jus-</span> 
     </span>
     <span class='ocr_line' id='line_1_82' title="bbox 724 2088 1294 2133; baseline -0.004 -13"><span class='ocrx_word' id='word_1_432' title='bbox 724 2092 802 2129; x_wconf 70' lang='lat' dir='ltr'>tina,</span> <span class='ocrx_word' id='word_1_433' title='bbox 815 2096 852 2122; x_wconf 84' lang='lat' dir='ltr'>ut</span> <span class='ocrx_word' id='word_1_434' title='bbox 866 2088 994 2121; x_wconf 79' lang='lat' dir='ltr'>Hosiod.</span> <span class='ocrx_word' id='word_1_435' title='bbox 1015 2092 1093 2133; x_wconf 70' lang='grc' dir='ltr'>Εργ.</span> <span class='ocrx_word' id='word_1_436' title='bbox 1116 2089 1192 2119; x_wconf 84' lang='lat'>256.</span> <span class='ocrx_word' id='word_1_437' title='bbox 1212 2089 1294 2119; x_wconf 79' lang='lat' dir='ltr'>Nota</span> 
     </span>
     <span class='ocr_line' id='line_1_83' title="bbox 724 2135 1296 2174; baseline -0.003 -8"><span class='ocrx_word' id='word_1_438' title='bbox 724 2147 773 2166; x_wconf 88' lang='lat' dir='ltr'>res</span> <span class='ocrx_word' id='word_1_439' title='bbox 787 2137 836 2166; x_wconf 81' lang='lat' dir='ltr'>vel</span> <span class='ocrx_word' id='word_1_440' title='bbox 856 2147 896 2166; x_wconf 83' lang='lat' dir='ltr'>ex</span> <span class='ocrx_word' id='word_1_441' title='bbox 913 2135 1006 2167; x_wconf 89' lang='lat' dir='ltr'>Ovid.</span> <span class='ocrx_word' id='word_1_442' title='bbox 1026 2137 1104 2166; x_wconf 88' lang='lat' dir='ltr'>Met.</span> <span class='ocrx_word' id='word_1_443' title='bbox 1120 2137 1135 2165; x_wconf 93' lang='lat' dir='ltr'>I</span> <span class='ocrx_word' id='word_1_444' title='bbox 1146 2158 1154 2172; x_wconf 89' lang='lat'><strong><em>‚</em></strong></span> <span class='ocrx_word' id='word_1_445' title='bbox 1176 2140 1250 2174; x_wconf 76' lang='lat'>149,</span> <span class='ocrx_word' id='word_1_446' title='bbox 1265 2141 1296 2164; x_wconf 79' lang='lat' dir='ltr'>et</span> 
     </span>
     <span class='ocr_line' id='line_1_84' title="bbox 726 2182 1297 2222; baseline -0.004 -10"><span class='ocrx_word' id='word_1_447' title='bbox 726 2183 783 2213; x_wconf 84' lang='lat' dir='ltr'>Ge.</span> <span class='ocrx_word' id='word_1_448' title='bbox 806 2184 854 2220; x_wconf 85' lang='grc' dir='ltr'>ΙΙ,</span> <span class='ocrx_word' id='word_1_449' title='bbox 883 2188 960 2219; x_wconf 72' lang='grc'>414.</span> <span class='ocrx_word' id='word_1_450' title='bbox 980 2182 1131 2212; x_wconf 74' lang='lat' dir='ltr'>Saturnia</span> <span class='ocrx_word' id='word_1_451' title='bbox 1146 2190 1246 2222; x_wconf 76' lang='lat' dir='ltr'>regna</span> <span class='ocrx_word' id='word_1_452' title='bbox 1260 2187 1297 2210; x_wconf 84' lang='lat' dir='ltr'>ut</span> 
     </span>
    </p>
   </div>
  </div>
 </body>
</html>
