1377 2428
542 51 663 81 LIBER
686 52 744 80 111.

46 103 236 140 Turbidus
256 113 292 140 et
312 113 490 154 torquens
508 105 679 143 flaventis
696 107 822 144 Hister
841 119 991 152 arenas,
1189 113 1237 135 *²¹50

49 166 208 212 Quaque
228 163 324 200 redit
339 163 506 201 medium
526 166 713 215 Rhodope
731 176 908 216 porrecta
925 166 995 203 suh
1014 178 1132 202 axem.

48 222 127 258 Illic
147 223 271 259 clausa
290 232 415 260 tenent
430 224 586 262 stabulis
606 236 790 272 armenta3
812 240 934 276 neque
951 227 1036 263 ullae

47 284 124 318 Aut
140 283 267 319 herbae
288 296 418 333 campo
439 284 639 334 adparent,
660 296 724 322 aut
745 285 881 322 arbore
903 285 1054 322 frondes
1072 300 1081 331 3

50 341 124 377 Sed
136 342 234 391 jacet
251 342 448 391 aggeribus
468 344 586 380 niveis
605 345 774 382 informis
792 355 829 382 et
849 346 924 382 alto

49 402 165 437 Terra
185 402 270 451 gelu
287 403 376 448 late,
394 412 612 453 septemque
629 405 798 453 adsurgit
814 405 852 440 in
875 405 989 440 ulnas.
1192 410 1238 433 35⁵

51 464 206 510 Semper
221 462 359 508 hiems,
380 477 527 512 semper
547 464 731 514 spirantes
750 464 891 513 frigora
912 462 1036 499 Cauri.

50 525 145 558 Tum
161 522 215 557 sol
236 523 404 571 pallentis
420 524 521 560 haud
536 538 702 573 unquam
720 523 872 561 discutit
892 522 1044 559 umbras
1056 549 1066 566 ,

49 584 128 618 Nec
145 596 261 630 quum
276 583 444 620 invectus
461 584 566 633 cquis
587 585 703 621 altum
720 584 813 634 petit
831 583 988 628 aethera,
1005 594 1075 618 nec
1090 594 1206 630 quum

49 642 282 691 Praecipitem
302 643 443 680 Oceani
463 643 580 680 rubro
600 644 691 681 lavit
711 657 863 693 aequore
883 655 1049 679 currum.

52 735 127 764 351.
145 753 192 757 —
207 735 283 765 350.
308 737 347 765 Et
371 737 449 765 Ister
478 736 614 766 turbidus

49 781 237 821 torquendo,
248 781 325 810 dum
335 788 471 821 torquet.
480 800 525 805 -κ
537 784 552 812 3
560 784 577 812 5
586 794 596 812 1
605 807 612 813 .

52 830 218 868 Quamque
243 827 335 868 jacet
362 828 466 859 Schol.
501 831 611 859 Horat.

48 873 147 914 Epod.
178 883 227 903 10.
254 873 307 903 sed
330 874 418 903 aliter
439 875 521 904 idem
549 875 609 905 Od.

47 923 113 957 ΙΙΙ,
135 930 184 949 10.
197 919 294 949 Radit
302 919 393 949 video
410 931 425 949 a
442 922 543 951 Pierio
559 932 612 950 ex-

48 967 136 996 citari
148 989 156 1003 ,
179 966 267 995 male.
297 965 446 1006 Rhodope
474 967 611 996 medium

47 1015 156 1043 Franc.
168 1011 221 1041 sub
231 1022 296 1040 axe
314 1012 451 1043 Gudian.
465 1013 612 1042 Gelidum

47 1077 92 1082 —-
106 1059 160 1087 sub
190 1069 287 1087 axem
315 1058 518 1088 scribendum
547 1071 611 1089 esse

46 1103 255 1135 contendebat
262 1105 281 1133 J
284 1114 313 1133 o.
322 1104 610 1135 Semnum-‚Verum

46 1151 183 1182 medium
212 1156 341 1179 ornatus
371 1161 478 1180 caussa
506 1152 607 1188 adjec—

45 1207 113 1228 tum
123 1220 131 1234 ,
146 1207 213 1226 non
231 1196 438 1237 geographica
453 1197 610 1226 subtilita-

46 1252 86 1275 te.
104 1261 150 1266 —-
165 1241 259 1272 Redit
265 1250 414 1281 porrecta
428 1244 611 1283 simpliciter

46 1301 104 1330 pro
115 1312 124 1326 ‚
141 1290 166 1318 it
176 1311 184 1326 ‚
199 1287 360 1328 procedit,
380 1296 425 1318 est
445 1297 589 1329 porrecta
601 1312 609 1325 ‚

47 1337 169 1366 dietum
195 1335 338 1374 accipies,
358 1335 508 1375 angaris
531 1337 610 1365 ratio

46 1389 129 1418 erat,
151 1381 261 1422 jacet;
284 1380 338 1409 sed
356 1387 409 1417 ut,
422 1380 533 1423 flectit
551 1393 583 1411 se
598 1405 606 1417 ,

46 1430 85 1459 de
104 1427 266 1457 montibus
288 1426 439 1463 dicimus,
466 1428 510 1457 sic
531 1427 613 1457 redit

45 1485 103 1515 pro
118 1474 180 1503 hoc
212 1474 281 1513 ipso
300 1483 418 1513 ponere
430 1475 545 1513 potuit.
564 1475 610 1504 Si-

44 1521 161 1550 militer
175 1518 294 1560 vergit,
321 1519 438 1555 cendit,
460 1530 549 1549 mons
572 1520 610 1549 ad

45 1567 317 1607 Septemtriouem.
341 1565 401 1593 Sub
420 1576 516 1594 axem
528 1589 535 1602 ‚
554 1577 610 1606 po-

44 1614 111 1643 lum
122 1636 130 1649 ‚
159 1623 225 1642 non
257 1611 462 1652 geographica
490 1613 610 1641 ratione

44 1660 132 1699 poni,
151 1665 236 1698 patet
254 1668 310 1697 per
324 1668 365 1687 se.
378 1658 523 1688 Ceterum
539 1669 610 1698 poe-

44 1713 73 1735 ta
85 1705 178 1734 latius
196 1705 457 1744 Septemtrionem
472 1704 610 1735 declarat

43 1750 282 1791 perThraciam,
294 1761 365 1790 quae
375 1760 391 1778 a
400 1751 529 1780 meridie
541 1752 607 1788 ejus

43 1796 122 1827 fines
140 1798 330 1827 constituere
351 1796 454 1825 videri
482 1799 595 1837 potest.

93 1843 136 1872 35
140 1849 169 1878 4.
185 1843 250 1872 Sed
255 1842 347 1882 jacet
358 1849 440 1871 ten-a
452 1866 459 1878 ,
481 1844 546 1872 late
561 1843 608 1872 in-

35 1888 152 1929 formis
177 1888 342 1929 aggeribus
365 1889 462 1918 niveis
488 1897 520 1918 et
541 1890 608 1919 alto

40 1935 116 1976 gelu
127 1957 136 1972 ,
148 1942 328 1975 septemque
343 1933 376 1963 in
394 1935 488 1964 ulnas
503 1936 610 1966 adsur-

38 1980 107 2021 git,
131 1981 197 2010 scil.
210 1980 260 2009 his
275 1981 349 2020 ipsis
366 1982 530 2021 aggeribus
554 1993 608 2012 no-

14 2063 23 2066 (
44 2027 91 2056 vis
102 2034 133 2056 et
144 2026 208 2056 alto
219 2027 291 2066 gelu
300 2037 354 2055 seu
366 2027 473 2067 glacie.
484 2029 608 2058 Poetica

43 2073 163 2103 ratione
186 2073 318 2110 extulit,
340 2073 427 2113 quod
447 2076 605 2104 communi

42 2126 107 2148 erat
117 2129 125 2150 :
135 2119 204 2155 nix,
222 2129 283 2159 qua
298 2119 437 2149 obducta
448 2127 493 2150 est
507 2127 587 2150 terra
598 2145 606 2159 ‚

41 2165 187 2207 adsurgit
194 2165 226 2195 ιή
236 2172 352 2206 septem
364 2167 521 2197 ula-as.--
530 2168 546 2197 3
553 2167 606 2199 56.

669 739 799 776 Semper
820 736 918 765 lziems
931 743 960 764 et
983 735 1103 764 Caurus
1117 744 1128 762 .·
1142 744 1236 773 quem

667 784 762 823 paulo
789 790 859 812 ante
884 782 1021 811 vidimus
1047 792 1093 810 vs.
1112 780 1175 817 278
1205 785 1235 808 et

666 840 737 869 quce
750 835 943 868 sequuntur,
960 828 998 856 de
1012 825 1235 856 remotioribus

666 886 774 904 versus
787 875 1049 914 Septemtrionem
1062 873 1160 913 plagis
1169 894 1177 908 ‚
1192 878 1235 900 et-

665 922 689 950 si
703 921 741 950 ad
753 921 942 950 miraculum
953 927 1054 957 aucta,
1066 929 1137 948 vera
1148 924 1233 954 suut,

665 978 731 997 non
755 967 793 996 de
818 968 856 996 ijs
867 990 874 1003 ‚
901 977 978 1007 quas
994 977 1054 995 vss.
1076 966 1152 1004 349,
1169 964 1233 993 350

665 1020 822 1053 posuerat.
847 1013 908 1043 Sed
928 1020 1030 1053 poetae
1043 1011 1111 1040 haec
1133 1010 1233 1040 adnn-

665 1066 805 1096 merant,
834 1070 900 1089 non
938 1057 1142 1099 appendunt;
1172 1055 1233 1085 hoc

664 1112 709 1135 est
729 1106 825 1146 paulo
852 1105 983 1134 crassius
1005 1105 1057 1140 id,
1077 1103 1163 1143 quod
1180 1113 1234 1132 vo-

662 1152 732 1180 lunt
744 1174 751 1188 ‚
771 1151 927 1180 declarant
939 1174 946 1187 ‚
970 1158 1004 1180 uc
1022 1149 1127 1191 major
1140 1159 1233 1179 orna-

665 1205 839 1226 mentorum
862 1197 954 1236 copia
976 1197 1049 1226 inde
1066 1202 1213 1236 suppetat
1222 1217 1229 1229 ,

663 1244 787 1283 quoties
814 1245 967 1273 rationem
991 1254 1027 1272 ac
1053 1242 1231 1271 delectatio-

663 1300 736 1318 nem
749 1290 838 1318 affert
857 1291 901 1318 rei
914 1289 1046 1330 dignitas
1058 1311 1066 1324 ,
1089 1289 1211 1318 novitas
1223 1310 1231 1324 ‚

664 1335 714 1365 vel
729 1335 925 1376 magnitudo.

712 1382 788 1419 357.
801 1381 847 1411 Cf.
859 1381 912 1410 illa
931 1383 1009 1411 Hor.
1019 1381 1121 1410 Carm.
1135 1381 1159 1415 Ι,
1178 1390 1231 1416 22,

669 1439 680 1456 1
691 1439 705 1465 7
719 1438 764 1466 sq.
775 1430 862 1456 Pone
877 1438 925 1456 me
933 1426 1034 1467 pigris
1044 1426 1232 1455 etc.Umbroe

664 1480 739 1502 sunt
760 1474 885 1502 nebulae
899 1481 929 1502 et
948 1473 1154 1512 caliginosum
1169 1483 1230 1501 coe*

662 1519 728 1548 lum
749 1519 899 1549 interdiu.
923 1521 1000 1548 Tres
1018 1519 1051 1547 hi
1067 1528 1174 1547 versus
1191 1529 1232 1548 ex

663 1567 791 1595 Homer.
807 1566 889 1594 versi
901 1565 962 1595 od.
976 1568 995 1595 λ
1006 1587 1014 1601 ,
1034 1575 1046 1593 1
1055 1565 1177 1603 5—-19,
1189 1566 1229 1594 cf.

662 1611 781 1641 Ttbull.
790 1613 845 1648 IV,
860 1622 887 1647 Ι,
901 1611 944 1640 65
953 1622 998 1651 sq.
1011 1611 1116 1640 Valer.
1128 1611 1228 1640 Flacc.

663 1659 720 1693 ΙΙΙ,
737 1657 924 1697 399;Ovid.
939 1659 1017 1687 Met.
1028 1659 1092 1694 xl«,
1106 1658 1232 1696 592.--

665 1704 680 1733 3
687 1704 740 1734 58.
747 1705 812 1733 Nec
822 1714 917 1744 quum
924 1702 1060 1732 invectus
1068 1703 1154 1742 equis
1163 1714 1232 1733 cur-

661 1761 710 1787 ru,
723 1747 827 1785 ἵπποις
837 1761 895 1790 pro
906 1748 1023 1792 ἅρματι
1040 1756 1070 1778 et
1090 1747 1228 1779 ἱππεύειν

661 1807 756 1826 curru
767 1796 850 1826 vehi.
864 1799 928 1825 Per
945 1795 1066 1825 Siculas
1080 1795 1233 1836 equitavit

662 1843 765 1871 undas
777 1844 880 1872 Eurus
892 1853 941 1883 ap.
964 1844 1075 1872 Horat.
1089 1859 1134 1865 -
1151 1843 1227 1882 359.

663 1889 811 1919 Rubro—
820 1899 946 1928 aequore
957 1899 1025 1918 non
1036 1889 1167 1929 proprio
1177 1899 1231 1918 vo—

664 1935 778 1964 cabulo
790 1957 798 1971 ,
815 1935 868 1964 sed
881 1941 1013 1964 ornante
1024 1958 1032 1972 ,
1048 1944 1108 1975 pro
1120 1934 1230 1973 rutilo,

662 1981 846 2010 rubescente
857 2004 865 2018 ‚
891 1982 995 2021 igneo.
1026 1983 1137 2020 Neque
1168 1980 1229 2011 hoc

660 2027 733 2057 loeo
743 2029 887 2056 evincere
900 2034 1004 2067 potest
1016 2026 1125 2064 cerda,
1137 2027 1228 2057 etiam

661 2074 852 2103 occidentale
873 2083 956 2103 mare
976 2073 1110 2103 rubrum
1123 2084 1140 2102 a
1153 2075 1227 2103 Vir-

662 2120 738 2160 gilio
766 2123 881 2150 vocari.
907 2137 954 2142 --
980 2121 1076 2149 Latet
1101 2129 1227 2161 aequore

662 2169 743 2197 Ven.
757 2177 880 2198 cursum
895 2165 992 2197 Goth.
1004 2176 1065 2196 seo.
