<?xml version="1.0" encoding="UTF-8"?>
<!DOCTYPE html PUBLIC "-//W3C//DTD XHTML 1.0 Transitional//EN"
    "http://www.w3.org/TR/xhtml1/DTD/xhtml1-transitional.dtd">
<html xmlns="http://www.w3.org/1999/xhtml" xml:lang="en" lang="en">
 <head>
  <title>
</title>
<meta http-equiv="Content-Type" content="text/html;charset=utf-8" />
  <meta name='ocr-system' content='tesseract 3.04.00' />
  <meta name='ocr-capabilities' content='ocr_page ocr_carea ocr_par ocr_line ocrx_word'/>
</head>
<body>
  <div class='ocr_page' id='page_1' title='image "./operahey01virguoft_0275.png"; bbox 0 0 1356 2423; ppageno 0'>
   <div class='ocr_carea' id='block_1_1' title="bbox 526 66 712 96">
    <p class='ocr_par' dir='ltr' id='par_1_1' title="bbox 526 66 712 96">
     <span class='ocr_line' id='line_1_1' title="bbox 526 66 712 96; baseline -0.005 -1"><span class='ocrx_word' id='word_1_1' title='bbox 526 66 647 96; x_wconf 82' lang='lat' dir='ltr'>LIBER</span> <span class='ocrx_word' id='word_1_2' title='bbox 671 66 712 94; x_wconf 84' lang='grc' dir='ltr'>ΙΙ,</span> 
     </span>
    </p>
   </div>
   <div class='ocr_carea' id='block_1_2' title="bbox 26 123 929 172">
    <p class='ocr_par' dir='ltr' id='par_1_2' title="bbox 26 123 929 172">
     <span class='ocr_line' id='line_1_2' title="bbox 26 123 929 172; baseline -0.001 -13"><span class='ocrx_word' id='word_1_3' title='bbox 26 127 130 160; x_wconf 80' lang='lat' dir='ltr'>Anne</span> <span class='ocrx_word' id='word_1_4' title='bbox 148 124 248 160; x_wconf 84' lang='lat' dir='ltr'>lacus</span> <span class='ocrx_word' id='word_1_5' title='bbox 269 124 412 160; x_wconf 78' lang='lat' dir='ltr'>tantos?</span> <span class='ocrx_word' id='word_1_6' title='bbox 430 132 484 168; x_wconf 89' lang='lat' dir='ltr'>te,</span> <span class='ocrx_word' id='word_1_7' title='bbox 505 123 592 158; x_wconf 87' lang='lat' dir='ltr'>Lari</span> <span class='ocrx_word' id='word_1_8' title='bbox 609 135 800 167; x_wconf 79' lang='lat' dir='ltr'>maxume,</span> <span class='ocrx_word' id='word_1_9' title='bbox 819 130 929 172; x_wconf 86' lang='lat' dir='ltr'>teque</span> 
     </span>
    </p>
   </div>
   <div class='ocr_carea' id='block_1_3' title="bbox 28 180 1051 229">
    <p class='ocr_par' dir='ltr' id='par_1_3' title="bbox 28 180 1051 229">
     <span class='ocr_line' id='line_1_3' title="bbox 28 180 1051 229; baseline -0.003 -11"><span class='ocrx_word' id='word_1_10' title='bbox 28 182 217 219; x_wconf 82' lang='lat' dir='ltr'>Fluctibus</span> <span class='ocrx_word' id='word_1_11' title='bbox 236 191 271 218; x_wconf 88' lang='lat' dir='ltr'>et</span> <span class='ocrx_word' id='word_1_12' title='bbox 292 182 441 219; x_wconf 82' lang='lat' dir='ltr'>fremitu</span> <span class='ocrx_word' id='word_1_13' title='bbox 461 181 681 229; x_wconf 78' lang='lat' dir='ltr'>adsurgens,</span> <span class='ocrx_word' id='word_1_14' title='bbox 704 183 863 226; x_wconf 81' lang='lat' dir='ltr'>Benace,</span> <span class='ocrx_word' id='word_1_15' title='bbox 882 180 1051 217; x_wconf 80' lang='lat' dir='ltr'>marino?</span> 
     </span>
    </p>
   </div>
   <div class='ocr_carea' id='block_1_4' title="bbox 1160 192 1204 214">
    <p class='ocr_par' dir='ltr' id='par_1_4' title="bbox 1160 192 1204 214">
     <span class='ocr_line' id='line_1_4' title="bbox 1160 192 1204 214; baseline 0 -1"><span class='ocrx_word' id='word_1_16' title='bbox 1160 192 1204 214; x_wconf 71' lang='lat'>160</span> 
     </span>
    </p>
   </div>
   <div class='ocr_carea' id='block_1_5' title="bbox 28 239 1077 290">
    <p class='ocr_par' dir='ltr' id='par_1_5' title="bbox 28 239 1077 290">
     <span class='ocr_line' id='line_1_5' title="bbox 28 239 1077 290; baseline -0.001 -13"><span class='ocrx_word' id='word_1_17' title='bbox 28 245 84 277; x_wconf 86' lang='lat' dir='ltr'>An</span> <span class='ocrx_word' id='word_1_18' title='bbox 102 254 308 278; x_wconf 79' lang='lat' dir='ltr'>memorem</span> <span class='ocrx_word' id='word_1_19' title='bbox 324 248 473 290; x_wconf 85' lang='lat' dir='ltr'>portus,</span> <span class='ocrx_word' id='word_1_20' title='bbox 494 239 735 288; x_wconf 86' lang='lat' dir='ltr'>Lucrinoque</span> <span class='ocrx_word' id='word_1_21' title='bbox 755 239 880 276; x_wconf 85' lang='lat' dir='ltr'>addita</span> <span class='ocrx_word' id='word_1_22' title='bbox 901 241 1077 285; x_wconf 81' lang='lat' dir='ltr'>claustra3</span> 
     </span>
    </p>
   </div>
   <div class='ocr_carea' id='block_1_6' title="bbox 5 386 597 2214">
    <p class='ocr_par' dir='ltr' id='par_1_6' title="bbox 13 386 597 1206">
     <span class='ocr_line' id='line_1_6' title="bbox 28 386 589 427; baseline -0.002 -10"><span class='ocrx_word' id='word_1_23' title='bbox 28 405 72 409; x_wconf 77' lang='lat'>-——</span> <span class='ocrx_word' id='word_1_24' title='bbox 82 389 154 427; x_wconf 85' lang='lat'>159.</span> <span class='ocrx_word' id='word_1_25' title='bbox 170 390 273 417; x_wconf 78' lang='lat' dir='ltr'>Lacus</span> <span class='ocrx_word' id='word_1_26' title='bbox 293 386 405 415; x_wconf 72' lang='lat' dir='ltr'>Larius</span> <span class='ocrx_word' id='word_1_27' title='bbox 419 386 589 421; x_wconf 71' lang='lat' dir='ltr'>maximas,</span> 
     </span>
     <span class='ocr_line' id='line_1_7' title="bbox 28 433 594 474; baseline -0.002 -11"><span class='ocrx_word' id='word_1_28' title='bbox 28 435 60 464; x_wconf 85' lang='lat' dir='ltr'>h.</span> <span class='ocrx_word' id='word_1_29' title='bbox 104 444 293 474; x_wconf 79' lang='lat' dir='ltr'>permagnus</span> <span class='ocrx_word' id='word_1_30' title='bbox 312 455 320 469; x_wconf 93' lang='lat'>,</span> <span class='ocrx_word' id='word_1_31' title='bbox 360 433 418 462; x_wconf 84' lang='lat' dir='ltr'>sub</span> <span class='ocrx_word' id='word_1_32' title='bbox 458 433 594 474; x_wconf 84' lang='lat' dir='ltr'><strong>Alpibus</strong></span> 
     </span>
     <span class='ocr_line' id='line_1_8' title="bbox 31 478 594 520; baseline 0 -11"><span class='ocrx_word' id='word_1_33' title='bbox 31 481 41 519; x_wconf 84' lang='lat'>(</span> <span class='ocrx_word' id='word_1_34' title='bbox 60 490 146 509; x_wconf 88' lang='lat' dir='ltr'>nune</span> <span class='ocrx_word' id='word_1_35' title='bbox 164 479 238 520; x_wconf 77' lang='lat' dir='ltr'>lago</span> <span class='ocrx_word' id='word_1_36' title='bbox 260 479 296 508; x_wconf 86' lang='lat' dir='ltr'>di</span> <span class='ocrx_word' id='word_1_37' title='bbox 318 478 453 519; x_wconf 82' lang='lat' dir='ltr'>como),</span> <span class='ocrx_word' id='word_1_38' title='bbox 470 480 505 509; x_wconf 86' lang='lat' dir='ltr'>in</span> <span class='ocrx_word' id='word_1_39' title='bbox 521 490 594 520; x_wconf 81' lang='lat' dir='ltr'>agro</span> 
     </span>
     <span class='ocr_line' id='line_1_9' title="bbox 31 525 595 561; baseline -0.004 -5"><span class='ocrx_word' id='word_1_40' title='bbox 31 526 280 561; x_wconf 80' lang='lat' dir='ltr'>Mediolanensi,</span> <span class='ocrx_word' id='word_1_41' title='bbox 298 525 385 554; x_wconf 78' lang='lat' dir='ltr'>lacus</span> <span class='ocrx_word' id='word_1_42' title='bbox 397 528 543 555; x_wconf 81' lang='lat' dir='ltr'>Benacus</span> <span class='ocrx_word' id='word_1_43' title='bbox 561 527 595 554; x_wconf 89' lang='lat' dir='ltr'>in</span> 
     </span>
     <span class='ocr_line' id='line_1_10' title="bbox 32 571 594 613; baseline -0.002 -12"><span class='ocrx_word' id='word_1_44' title='bbox 32 573 209 601; x_wconf 70' lang='lat' dir='ltr'>Veronensi</span> <span class='ocrx_word' id='word_1_45' title='bbox 239 571 249 613; x_wconf 88' lang='lat'>(</span> <span class='ocrx_word' id='word_1_46' title='bbox 267 571 341 611; x_wconf 75' lang='lat' dir='ltr'>lugo</span> <span class='ocrx_word' id='word_1_47' title='bbox 378 571 413 600; x_wconf 84' lang='lat' dir='ltr'>di</span> <span class='ocrx_word' id='word_1_48' title='bbox 440 571 549 601; x_wconf 83' lang='lat' dir='ltr'>Garda</span> <span class='ocrx_word' id='word_1_49' title='bbox 564 572 594 613; x_wconf 88' lang='lat'>)‚</span> 
     </span>
     <span class='ocr_line' id='line_1_11' title="bbox 30 616 596 658; baseline 0.002 -12"><span class='ocrx_word' id='word_1_50' title='bbox 30 625 162 657; x_wconf 86' lang='lat' dir='ltr'>propter</span> <span class='ocrx_word' id='word_1_51' title='bbox 180 616 428 658; x_wconf 74' lang='lat' dir='ltr'>magnitudinem</span> <span class='ocrx_word' id='word_1_52' title='bbox 443 619 545 647; x_wconf 71' lang='lat' dir='ltr'>ventis</span> <span class='ocrx_word' id='word_1_53' title='bbox 561 629 596 647; x_wconf 91' lang='lat' dir='ltr'>ac</span> 
     </span>
     <span class='ocr_line' id='line_1_12' title="bbox 30 663 596 703; baseline 0 -10"><span class='ocrx_word' id='word_1_54' title='bbox 30 664 178 703; x_wconf 85' lang='lat' dir='ltr'>procellis</span> <span class='ocrx_word' id='word_1_55' title='bbox 200 663 357 692; x_wconf 85' lang='lat' dir='ltr'>obnoxius</span> <span class='ocrx_word' id='word_1_56' title='bbox 373 674 438 693; x_wconf 88' lang='lat' dir='ltr'>non</span> <span class='ocrx_word' id='word_1_57' title='bbox 455 664 543 693; x_wconf 86' lang='lat' dir='ltr'>aliter</span> <span class='ocrx_word' id='word_1_58' title='bbox 561 674 596 693; x_wconf 90' lang='lat' dir='ltr'>ac</span> 
     </span>
     <span class='ocr_line' id='line_1_13' title="bbox 31 709 597 739; baseline 0.004 -2"><span class='ocrx_word' id='word_1_59' title='bbox 31 720 125 739; x_wconf 79' lang='lat' dir='ltr'>mare.</span> <span class='ocrx_word' id='word_1_60' title='bbox 159 709 246 738; x_wconf 82' lang='lat' dir='ltr'>Idem</span> <span class='ocrx_word' id='word_1_61' title='bbox 282 710 437 738; x_wconf 87' lang='lat' dir='ltr'>Mincium</span> <span class='ocrx_word' id='word_1_62' title='bbox 475 720 597 739; x_wconf 80' lang='lat' dir='ltr'>amnem</span> 
     </span>
     <span class='ocr_line' id='line_1_14' title="bbox 30 755 595 793; baseline 0.002 -9"><span class='ocrx_word' id='word_1_63' title='bbox 30 756 133 785; x_wconf 89' lang='lat' dir='ltr'>medio</span> <span class='ocrx_word' id='word_1_64' title='bbox 152 755 240 784; x_wconf 68' lang='lat' dir='ltr'>alveo</span> <span class='ocrx_word' id='word_1_65' title='bbox 272 756 482 784; x_wconf 84' lang='lat' dir='ltr'>transmittens</span> <span class='ocrx_word' id='word_1_66' title='bbox 497 778 505 793; x_wconf 88' lang='lat'>,</span> <span class='ocrx_word' id='word_1_67' title='bbox 530 756 595 786; x_wconf 57' lang='lat' dir='ltr'>vid.</span> 
     </span>
     <span class='ocr_line' id='line_1_15' title="bbox 30 800 597 837; baseline 0 -7"><span class='ocrx_word' id='word_1_68' title='bbox 30 803 109 831; x_wconf 88' lang='lat' dir='ltr'>Plin.</span> <span class='ocrx_word' id='word_1_69' title='bbox 120 803 222 833; x_wconf 80' lang='lat' dir='ltr'>IX,22</span> <span class='ocrx_word' id='word_1_70' title='bbox 235 807 266 829; x_wconf 84' lang='lat' dir='ltr'>et</span> <span class='ocrx_word' id='word_1_71' title='bbox 277 800 315 830; x_wconf 86' lang='lat' dir='ltr'>cf.</span> <span class='ocrx_word' id='word_1_72' title='bbox 325 803 393 831; x_wconf 81' lang='lat' dir='ltr'>AEn.</span> <span class='ocrx_word' id='word_1_73' title='bbox 402 802 523 837; x_wconf 79' lang='lat' dir='ltr'>X,205.</span> <span class='ocrx_word' id='word_1_74' title='bbox 533 802 597 830; x_wconf 82' lang='lat' dir='ltr'>Ad-</span> 
     </span>
     <span class='ocr_line' id='line_1_16' title="bbox 13 847 595 887; baseline 0.002 -12"><span class='ocrx_word' id='word_1_75' title='bbox 13 854 17 857; x_wconf 88' lang='grc'><strong><em>·</em></strong></span> <span class='ocrx_word' id='word_1_76' title='bbox 31 858 169 887; x_wconf 68' lang='lat' dir='ltr'>surgens,</span> <span class='ocrx_word' id='word_1_77' title='bbox 185 854 372 876; x_wconf 87' lang='lat' dir='ltr'>tumescens.</span> <span class='ocrx_word' id='word_1_78' title='bbox 382 847 595 876; x_wconf 81' lang='lat' dir='ltr'>-Fabricius</span> 
     </span>
     <span class='ocr_line' id='line_1_17' title="bbox 31 892 591 932; baseline 0.002 -11"><span class='ocrx_word' id='word_1_79' title='bbox 31 894 222 932; x_wconf 77' lang='lat' dir='ltr'>distinguere</span> <span class='ocrx_word' id='word_1_80' title='bbox 250 892 400 922; x_wconf 72' lang='lat' dir='ltr'>volebat:</span> <span class='ocrx_word' id='word_1_81' title='bbox 422 895 480 928; x_wconf 83' lang='lat' dir='ltr'>Te,</span> <span class='ocrx_word' id='word_1_82' title='bbox 506 893 591 928; x_wconf 82' lang='lat' dir='ltr'>Lari,</span> 
     </span>
     <span class='ocr_line' id='line_1_18' title="bbox 29 939 595 977; baseline 0.002 -10"><span class='ocrx_word' id='word_1_83' title='bbox 29 939 190 973; x_wconf 67' lang='lat' dir='ltr'>sslaxime,</span> <span class='ocrx_word' id='word_1_84' title='bbox 210 946 300 977; x_wconf 80' lang='lat' dir='ltr'>teque</span> <span class='ocrx_word' id='word_1_85' title='bbox 323 945 382 968; x_wconf 86' lang='lat' dir='ltr'>ete.</span> <span class='ocrx_word' id='word_1_86' title='bbox 400 939 542 976; x_wconf 85' lang='lat' dir='ltr'>Scilicet,</span> <span class='ocrx_word' id='word_1_87' title='bbox 559 946 595 968; x_wconf 90' lang='lat' dir='ltr'>ut</span> 
     </span>
     <span class='ocr_line' id='line_1_19' title="bbox 30 984 594 1024; baseline 0.002 -11"><span class='ocrx_word' id='word_1_88' title='bbox 30 992 90 1013; x_wconf 74' lang='lat' dir='ltr'>tres</span> <span class='ocrx_word' id='word_1_89' title='bbox 100 985 251 1024; x_wconf 61' lang='lat' dir='ltr'>praecipui</span> <span class='ocrx_word' id='word_1_90' title='bbox 264 984 349 1012; x_wconf 87' lang='lat' dir='ltr'>lacus</span> <span class='ocrx_word' id='word_1_91' title='bbox 365 985 462 1013; x_wconf 81' lang='lat' dir='ltr'>Italiae</span> <span class='ocrx_word' id='word_1_92' title='bbox 478 996 594 1014; x_wconf 82' lang='lat' dir='ltr'>memo-</span> 
     </span>
     <span class='ocr_line' id='line_1_20' title="bbox 30 1030 595 1071; baseline 0.002 -12"><span class='ocrx_word' id='word_1_93' title='bbox 30 1032 155 1060; x_wconf 74' lang='lat' dir='ltr'>rentur!</span> <span class='ocrx_word' id='word_1_94' title='bbox 171 1030 326 1059; x_wconf 68' lang='lat' dir='ltr'>subtiliter</span> <span class='ocrx_word' id='word_1_95' title='bbox 335 1031 440 1067; x_wconf 88' lang='lat' dir='ltr'>nimis,</span> <span class='ocrx_word' id='word_1_96' title='bbox 456 1041 496 1060; x_wconf 88' lang='lat' dir='ltr'>ne</span> <span class='ocrx_word' id='word_1_97' title='bbox 511 1032 595 1071; x_wconf 84' lang='lat' dir='ltr'>inep-</span> 
     </span>
     <span class='ocr_line' id='line_1_21' title="bbox 30 1076 595 1118; baseline 0.002 -13"><span class='ocrx_word' id='word_1_98' title='bbox 30 1079 109 1109; x_wconf 69' lang='lat' dir='ltr'>tius,</span> <span class='ocrx_word' id='word_1_99' title='bbox 130 1076 242 1105; x_wconf 82' lang='lat' dir='ltr'>dicam.</span> <span class='ocrx_word' id='word_1_100' title='bbox 260 1092 308 1099; x_wconf 89' lang='lat'>--</span> <span class='ocrx_word' id='word_1_101' title='bbox 325 1076 397 1105; x_wconf 90' lang='lat'>160.</span> <span class='ocrx_word' id='word_1_102' title='bbox 424 1078 595 1118; x_wconf 77' lang='lat' dir='ltr'>Insurgens</span> 
     </span>
     <span class='ocr_line' id='line_1_22' title="bbox 30 1122 591 1158; baseline 0.005 -8"><span class='ocrx_word' id='word_1_103' title='bbox 30 1122 163 1151; x_wconf 85' lang='lat' dir='ltr'>malebat</span> <span class='ocrx_word' id='word_1_104' title='bbox 180 1124 304 1158; x_wconf 77' lang='lat' dir='ltr'>Wasse,</span> <span class='ocrx_word' id='word_1_105' title='bbox 334 1122 373 1151; x_wconf 91' lang='lat' dir='ltr'>ad</span> <span class='ocrx_word' id='word_1_106' title='bbox 395 1122 517 1153; x_wconf 83' lang='lat' dir='ltr'>Sallust.</span> <span class='ocrx_word' id='word_1_107' title='bbox 534 1125 591 1153; x_wconf 89' lang='lat' dir='ltr'>Ju-</span> 
     </span>
     <span class='ocr_line' id='line_1_23' title="bbox 28 1167 199 1206; baseline 0.006 -10"><span class='ocrx_word' id='word_1_108' title='bbox 28 1167 130 1206; x_wconf 69' lang='lat' dir='ltr'>gurth.</span> <span class='ocrx_word' id='word_1_109' title='bbox 147 1169 199 1197; x_wconf 70' lang='lat'>33,</span> 
     </span>
    </p>

    <p class='ocr_par' dir='ltr' id='par_1_7' title="bbox 5 1213 589 2214">
     <span class='ocr_line' id='line_1_24' title="bbox 80 1213 589 1254; baseline 0.006 -12"><span class='ocrx_word' id='word_1_110' title='bbox 80 1214 194 1242; x_wconf 81' lang='lat'>161-</span> <span class='ocrx_word' id='word_1_111' title='bbox 208 1213 280 1248; x_wconf 77' lang='lat'>164.</span> <span class='ocrx_word' id='word_1_112' title='bbox 306 1215 351 1244; x_wconf 88' lang='lat' dir='ltr'>M.</span> <span class='ocrx_word' id='word_1_113' title='bbox 372 1215 524 1254; x_wconf 88' lang='lat' dir='ltr'>Vipsanio</span> <span class='ocrx_word' id='word_1_114' title='bbox 545 1217 589 1245; x_wconf 92' lang='lat' dir='ltr'>A-</span> 
     </span>
     <span class='ocr_line' id='line_1_25' title="bbox 30 1260 588 1299; baseline 0.007 -12"><span class='ocrx_word' id='word_1_115' title='bbox 30 1261 160 1299; x_wconf 67' lang='lat' dir='ltr'>grippa,</span> <span class='ocrx_word' id='word_1_116' title='bbox 185 1262 219 1289; x_wconf 92' lang='lat' dir='ltr'>L.</span> <span class='ocrx_word' id='word_1_117' title='bbox 241 1260 373 1290; x_wconf 86' lang='lat' dir='ltr'>Canidio</span> <span class='ocrx_word' id='word_1_118' title='bbox 398 1261 489 1290; x_wconf 90' lang='lat' dir='ltr'>Gallo</span> <span class='ocrx_word' id='word_1_119' title='bbox 509 1271 588 1291; x_wconf 78' lang='lat' dir='ltr'>coss,</span> 
     </span>
     <span class='ocr_line' id='line_1_26' title="bbox 29 1306 586 1342; baseline 0.004 -7"><span class='ocrx_word' id='word_1_120' title='bbox 29 1308 68 1335; x_wconf 51' lang='lat'>1⁷.</span> <span class='ocrx_word' id='word_1_121' title='bbox 96 1306 131 1334; x_wconf 93' lang='lat' dir='ltr'>C.</span> <span class='ocrx_word' id='word_1_122' title='bbox 159 1316 175 1342; x_wconf 83' lang='lat'><strong>7</strong></span> <span class='ocrx_word' id='word_1_123' title='bbox 186 1316 235 1342; x_wconf 69' lang='lat'>17,</span> <span class='ocrx_word' id='word_1_124' title='bbox 261 1316 333 1334; x_wconf 86' lang='lat' dir='ltr'>cum</span> <span class='ocrx_word' id='word_1_125' title='bbox 364 1313 473 1335; x_wconf 86' lang='lat' dir='ltr'>contra</span> <span class='ocrx_word' id='word_1_126' title='bbox 502 1309 586 1338; x_wconf 84' lang='lat' dir='ltr'>Sext.</span> 
     </span>
     <span class='ocr_line' id='line_1_27' title="bbox 13 1351 589 1391; baseline 0.002 -10"><span class='ocrx_word' id='word_1_127' title='bbox 13 1351 212 1390; x_wconf 77' lang='lat' dir='ltr'>-Pompeium</span> <span class='ocrx_word' id='word_1_128' title='bbox 245 1351 324 1380; x_wconf 88' lang='lat' dir='ltr'>male</span> <span class='ocrx_word' id='word_1_129' title='bbox 354 1362 419 1380; x_wconf 87' lang='lat' dir='ltr'>rem</span> <span class='ocrx_word' id='word_1_130' title='bbox 450 1353 589 1391; x_wconf 83' lang='lat' dir='ltr'>gessisset</span> 
     </span>
     <span class='ocr_line' id='line_1_28' title="bbox 25 1396 588 1433; baseline 0.002 -7"><span class='ocrx_word' id='word_1_131' title='bbox 25 1398 218 1426; x_wconf 81' lang='lat' dir='ltr'>Octavianus</span> <span class='ocrx_word' id='word_1_132' title='bbox 235 1397 346 1433; x_wconf 77' lang='lat' dir='ltr'>Caesar,</span> <span class='ocrx_word' id='word_1_133' title='bbox 362 1404 397 1426; x_wconf 89' lang='lat' dir='ltr'>ut</span> <span class='ocrx_word' id='word_1_134' title='bbox 412 1396 588 1427; x_wconf 85' lang='lat' dir='ltr'>reficiendis</span> 
     </span>
     <span class='ocr_line' id='line_1_29' title="bbox 27 1442 587 1480; baseline 0.004 -9"><span class='ocrx_word' id='word_1_135' title='bbox 27 1442 177 1471; x_wconf 85' lang='lat' dir='ltr'>classibus</span> <span class='ocrx_word' id='word_1_136' title='bbox 200 1442 307 1471; x_wconf 87' lang='lat' dir='ltr'>locum</span> <span class='ocrx_word' id='word_1_137' title='bbox 332 1450 434 1471; x_wconf 79' lang='lat' dir='ltr'>turum</span> <span class='ocrx_word' id='word_1_138' title='bbox 449 1443 587 1480; x_wconf 81' lang='lat' dir='ltr'>haberet,</span> 
     </span>
     <span class='ocr_line' id='line_1_30' title="bbox 26 1487 587 1528; baseline 0.002 -11"><span class='ocrx_word' id='word_1_139' title='bbox 26 1489 177 1528; x_wconf 83' lang='lat' dir='ltr'>Agrippae</span> <span class='ocrx_word' id='word_1_140' title='bbox 200 1487 331 1517; x_wconf 84' lang='lat' dir='ltr'>consilio</span> <span class='ocrx_word' id='word_1_141' title='bbox 352 1495 480 1528; x_wconf 79' lang='lat' dir='ltr'>portum</span> <span class='ocrx_word' id='word_1_142' title='bbox 500 1490 587 1518; x_wconf 79' lang='lat' dir='ltr'>Baia-</span> 
     </span>
     <span class='ocr_line' id='line_1_31' title="bbox 27 1534 588 1574; baseline 0.004 -12"><span class='ocrx_word' id='word_1_143' title='bbox 27 1545 104 1563; x_wconf 86' lang='lat' dir='ltr'>num</span> <span class='ocrx_word' id='word_1_144' title='bbox 134 1535 170 1563; x_wconf 82' lang='lat' dir='ltr'>in</span> <span class='ocrx_word' id='word_1_145' title='bbox 194 1535 265 1562; x_wconf 87' lang='lat' dir='ltr'>sinu</span> <span class='ocrx_word' id='word_1_146' title='bbox 296 1534 468 1563; x_wconf 87' lang='lat' dir='ltr'>Puteolano</span> <span class='ocrx_word' id='word_1_147' title='bbox 485 1534 588 1574; x_wconf 86' lang='lat' dir='ltr'>(inter</span> 
     </span>
     <span class='ocr_line' id='line_1_32' title="bbox 24 1578 587 1619; baseline 0.005 -12"><span class='ocrx_word' id='word_1_148' title='bbox 24 1580 112 1608; x_wconf 83' lang='lat' dir='ltr'>Baias</span> <span class='ocrx_word' id='word_1_149' title='bbox 122 1586 152 1608; x_wconf 88' lang='lat' dir='ltr'>et</span> <span class='ocrx_word' id='word_1_150' title='bbox 161 1578 326 1619; x_wconf 88' lang='lat' dir='ltr'>Puteolos)</span> <span class='ocrx_word' id='word_1_151' title='bbox 343 1580 587 1610; x_wconf 81' lang='lat' dir='ltr'>commodiorem</span> 
     </span>
     <span class='ocr_line' id='line_1_33' title="bbox 25 1625 586 1662; baseline 0.004 -8"><span class='ocrx_word' id='word_1_152' title='bbox 25 1631 56 1654; x_wconf 82' lang='lat' dir='ltr'>et</span> <span class='ocrx_word' id='word_1_153' title='bbox 71 1626 218 1654; x_wconf 82' lang='lat' dir='ltr'>tutiorem</span> <span class='ocrx_word' id='word_1_154' title='bbox 233 1626 276 1653; x_wconf 90' lang='lat' dir='ltr'>ita</span> <span class='ocrx_word' id='word_1_155' title='bbox 293 1625 449 1662; x_wconf 84' lang='lat' dir='ltr'>reddidit,</span> <span class='ocrx_word' id='word_1_156' title='bbox 465 1633 518 1655; x_wconf 86' lang='lat' dir='ltr'>aut</span> <span class='ocrx_word' id='word_1_157' title='bbox 534 1637 586 1656; x_wconf 85' lang='lat' dir='ltr'>ve-</span> 
     </span>
     <span class='ocr_line' id='line_1_34' title="bbox 25 1672 587 1711; baseline 0.004 -12"><span class='ocrx_word' id='word_1_158' title='bbox 25 1672 89 1699; x_wconf 88' lang='lat' dir='ltr'>rius</span> <span class='ocrx_word' id='word_1_159' title='bbox 110 1681 228 1700; x_wconf 82' lang='lat' dir='ltr'>novum</span> <span class='ocrx_word' id='word_1_160' title='bbox 250 1677 377 1710; x_wconf 88' lang='lat' dir='ltr'>portum</span> <span class='ocrx_word' id='word_1_161' title='bbox 395 1672 533 1711; x_wconf 84' lang='lat' dir='ltr'>aperuit,</span> <span class='ocrx_word' id='word_1_162' title='bbox 550 1678 587 1702; x_wconf 89' lang='lat' dir='ltr'>ut</span> 
     </span>
     <span class='ocr_line' id='line_1_35' title="bbox 23 1716 585 1757; baseline 0.005 -13"><span class='ocrx_word' id='word_1_163' title='bbox 23 1716 127 1746; x_wconf 84' lang='lat' dir='ltr'>lacum</span> <span class='ocrx_word' id='word_1_164' title='bbox 135 1718 317 1754; x_wconf 88' lang='lat' dir='ltr'>Lucrinum,</span> <span class='ocrx_word' id='word_1_165' title='bbox 326 1718 488 1755; x_wconf 81' lang='lat' dir='ltr'>interjecto</span> <span class='ocrx_word' id='word_1_166' title='bbox 497 1727 585 1757; x_wconf 80' lang='lat' dir='ltr'>agge-</span> 
     </span>
     <span class='ocr_line' id='line_1_36' title="bbox 25 1762 583 1799; baseline 0.004 -8"><span class='ocrx_word' id='word_1_167' title='bbox 25 1772 58 1791; x_wconf 91' lang='lat' dir='ltr'>re</span> <span class='ocrx_word' id='word_1_168' title='bbox 81 1771 99 1790; x_wconf 80' lang='lat' dir='ltr'>a</span> <span class='ocrx_word' id='word_1_169' title='bbox 120 1764 199 1792; x_wconf 84' lang='lat' dir='ltr'>mari</span> <span class='ocrx_word' id='word_1_170' title='bbox 222 1762 393 1799; x_wconf 87' lang='lat' dir='ltr'>seclusum,</span> <span class='ocrx_word' id='word_1_171' title='bbox 418 1773 490 1792; x_wconf 88' lang='lat' dir='ltr'>cum</span> <span class='ocrx_word' id='word_1_172' title='bbox 511 1763 583 1793; x_wconf 87' lang='lat' dir='ltr'>lacu</span> 
     </span>
     <span class='ocr_line' id='line_1_37' title="bbox 23 1808 582 1848; baseline 0.005 -12"><span class='ocrx_word' id='word_1_173' title='bbox 23 1809 153 1837; x_wconf 83' lang='lat' dir='ltr'>Averno</span> <span class='ocrx_word' id='word_1_174' title='bbox 163 1829 171 1844; x_wconf 93' lang='lat'>,</span> <span class='ocrx_word' id='word_1_175' title='bbox 180 1809 235 1848; x_wconf 91' lang='lat' dir='ltr'>qui</span> <span class='ocrx_word' id='word_1_176' title='bbox 250 1809 301 1837; x_wconf 84' lang='lat' dir='ltr'>isti</span> <span class='ocrx_word' id='word_1_177' title='bbox 316 1808 493 1847; x_wconf 83' lang='lat' dir='ltr'>adjacebat,</span> <span class='ocrx_word' id='word_1_178' title='bbox 507 1819 582 1839; x_wconf 90' lang='lat' dir='ltr'>con-</span> 
     </span>
     <span class='ocr_line' id='line_1_38' title="bbox 21 1853 583 1893; baseline 0.007 -12"><span class='ocrx_word' id='word_1_179' title='bbox 21 1853 182 1892; x_wconf 78' lang='lat' dir='ltr'>jungeret,</span> <span class='ocrx_word' id='word_1_180' title='bbox 199 1863 340 1893; x_wconf 81' lang='lat' dir='ltr'>aggerem</span> <span class='ocrx_word' id='word_1_181' title='bbox 363 1861 467 1883; x_wconf 88' lang='lat' dir='ltr'>autem</span> <span class='ocrx_word' id='word_1_182' title='bbox 488 1855 583 1885; x_wconf 90' lang='lat' dir='ltr'>modo</span> 
     </span>
     <span class='ocr_line' id='line_1_39' title="bbox 25 1897 584 1938; baseline 0.007 -12"><span class='ocrx_word' id='word_1_183' title='bbox 25 1897 163 1935; x_wconf 85' lang='lat' dir='ltr'>dictum,</span> <span class='ocrx_word' id='word_1_184' title='bbox 185 1900 240 1938; x_wconf 89' lang='lat' dir='ltr'>qui</span> <span class='ocrx_word' id='word_1_185' title='bbox 261 1901 291 1928; x_wconf 89' lang='lat' dir='ltr'><strong>V</strong></span> <span class='ocrx_word' id='word_1_186' title='bbox 314 1899 485 1929; x_wconf 84' lang='lat' dir='ltr'>stadiorum</span> <span class='ocrx_word' id='word_1_187' title='bbox 507 1907 584 1938; x_wconf 88' lang='lat' dir='ltr'>erat,</span> 
     </span>
     <span class='ocr_line' id='line_1_40' title="bbox 24 1942 586 1986; baseline 0.007 -14"><span class='ocrx_word' id='word_1_188' title='bbox 24 1942 191 1977; x_wconf 83' lang='lat' dir='ltr'>latitudine</span> <span class='ocrx_word' id='word_1_189' title='bbox 201 1944 256 1972; x_wconf 79' lang='lat' dir='ltr'>vix</span> <span class='ocrx_word' id='word_1_190' title='bbox 271 1944 428 1985; x_wconf 82' lang='lat' dir='ltr'>quadrigis</span> <span class='ocrx_word' id='word_1_191' title='bbox 436 1946 586 1986; x_wconf 86' lang='lat' dir='ltr'>recipien-</span> 
     </span>
     <span class='ocr_line' id='line_1_41' title="bbox 25 1988 585 2032; baseline 0.009 -15"><span class='ocrx_word' id='word_1_192' title='bbox 25 1989 73 2017; x_wconf 82' lang='lat' dir='ltr'>dis</span> <span class='ocrx_word' id='word_1_193' title='bbox 89 1999 145 2028; x_wconf 89' lang='lat' dir='ltr'>par</span> <span class='ocrx_word' id='word_1_194' title='bbox 160 1988 281 2029; x_wconf 78' lang='lat' dir='ltr'>(sn-ah.</span> <span class='ocrx_word' id='word_1_195' title='bbox 291 1992 333 2026; x_wconf 84' lang='lat' dir='ltr'>V,</span> <span class='ocrx_word' id='word_1_196' title='bbox 347 2000 378 2030; x_wconf 91' lang='lat' dir='ltr'>p.</span> <span class='ocrx_word' id='word_1_197' title='bbox 399 1991 463 2026; x_wconf 81' lang='lat'>245</span> <span class='ocrx_word' id='word_1_198' title='bbox 472 1990 585 2032; x_wconf 86' lang='lat' dir='ltr'>)‚post-</span> 
     </span>
     <span class='ocr_line' id='line_1_42' title="bbox 24 2034 586 2075; baseline 0.011 -13"><span class='ocrx_word' id='word_1_199' title='bbox 24 2044 120 2074; x_wconf 83' lang='lat' dir='ltr'>quam</span> <span class='ocrx_word' id='word_1_200' title='bbox 149 2044 187 2064; x_wconf 90' lang='lat' dir='ltr'>eo</span> <span class='ocrx_word' id='word_1_201' title='bbox 210 2034 350 2075; x_wconf 84' lang='lat' dir='ltr'>perfosso</span> <span class='ocrx_word' id='word_1_202' title='bbox 365 2036 486 2066; x_wconf 86' lang='lat' dir='ltr'>aditum</span> <span class='ocrx_word' id='word_1_203' title='bbox 500 2039 586 2067; x_wconf 88' lang='lat' dir='ltr'>navi-</span> 
     </span>
     <span class='ocr_line' id='line_1_43' title="bbox 5 2072 586 2120; baseline 0.009 -12"><span class='ocrx_word' id='word_1_204' title='bbox 5 2072 84 2109; x_wconf 75' lang='lat' dir='ltr'>&#39;bus</span> <span class='ocrx_word' id='word_1_205' title='bbox 99 2080 134 2109; x_wconf 86' lang='lat' dir='ltr'>in</span> <span class='ocrx_word' id='word_1_206' title='bbox 156 2086 285 2120; x_wconf 88' lang='lat' dir='ltr'>portum</span> <span class='ocrx_word' id='word_1_207' title='bbox 309 2080 440 2120; x_wconf 86' lang='lat' dir='ltr'>fecerat,</span> <span class='ocrx_word' id='word_1_208' title='bbox 457 2083 500 2112; x_wconf 90' lang='lat' dir='ltr'>ita</span> <span class='ocrx_word' id='word_1_209' title='bbox 519 2094 586 2113; x_wconf 89' lang='lat' dir='ltr'>mn-</span> 
     </span>
     <span class='ocr_line' id='line_1_44' title="bbox 23 2125 585 2169; baseline 0.009 -15"><span class='ocrx_word' id='word_1_210' title='bbox 23 2126 123 2162; x_wconf 85' lang='lat' dir='ltr'>niret,</span> <span class='ocrx_word' id='word_1_211' title='bbox 154 2133 190 2156; x_wconf 90' lang='lat' dir='ltr'>ut</span> <span class='ocrx_word' id='word_1_212' title='bbox 219 2136 237 2155; x_wconf 83' lang='lat' dir='ltr'>a</span> <span class='ocrx_word' id='word_1_213' title='bbox 266 2125 416 2157; x_wconf 85' lang='lat' dir='ltr'>fluctibus</span> <span class='ocrx_word' id='word_1_214' title='bbox 445 2130 585 2169; x_wconf 79' lang='lat' dir='ltr'>superari</span> 
     </span>
     <span class='ocr_line' id='line_1_45' title="bbox 23 2171 584 2214; baseline 0.012 -15"><span class='ocrx_word' id='word_1_215' title='bbox 23 2172 178 2211; x_wconf 83' lang='lat' dir='ltr'>nequiret,</span> <span class='ocrx_word' id='word_1_216' title='bbox 188 2171 385 2214; x_wconf 81' lang='lat' dir='ltr'>navibusque</span> <span class='ocrx_word' id='word_1_217' title='bbox 401 2180 486 2204; x_wconf 87' lang='lat' dir='ltr'>tutus</span> <span class='ocrx_word' id='word_1_218' title='bbox 501 2175 584 2206; x_wconf 67' lang='lat' dir='ltr'>intra</span> 
     </span>
    </p>
   </div>
   <div class='ocr_carea' id='block_1_7' title="bbox 328 2293 343 2310">
    <p class='ocr_par' dir='ltr' id='par_1_8' title="bbox 328 2293 343 2310">
     <span class='ocr_line' id='line_1_46' title="bbox 328 2293 343 2310; baseline 0 0"><span class='ocrx_word' id='word_1_219' title='bbox 328 2293 343 2310; x_wconf 68' lang='grc' dir='ltr'><em>θ</em></span> 
     </span>
    </p>
   </div>
   <div class='ocr_carea' id='block_1_8' title="bbox 634 388 1213 2216">
    <p class='ocr_par' dir='ltr' id='par_1_9' title="bbox 647 388 1213 934">
     <span class='ocr_line' id='line_1_47' title="bbox 648 388 1209 429; baseline -0.005 -10"><span class='ocrx_word' id='word_1_220' title='bbox 648 401 719 419; x_wconf 87' lang='lat' dir='ltr'>eum</span> <span class='ocrx_word' id='word_1_221' title='bbox 741 398 819 420; x_wconf 82' lang='lat' dir='ltr'>esset</span> <span class='ocrx_word' id='word_1_222' title='bbox 840 394 994 429; x_wconf 80' lang='lat' dir='ltr'>receptus.</span> <span class='ocrx_word' id='word_1_223' title='bbox 1019 388 1079 416; x_wconf 90' lang='lat' dir='ltr'>Hic</span> <span class='ocrx_word' id='word_1_224' title='bbox 1101 388 1209 418; x_wconf 75' lang='lat' dir='ltr'>Portus</span> 
     </span>
     <span class='ocr_line' id='line_1_48' title="bbox 647 434 1208 473; baseline -0.004 -8"><span class='ocrx_word' id='word_1_225' title='bbox 647 436 750 465; x_wconf 77' lang='lat' dir='ltr'>Julius</span> <span class='ocrx_word' id='word_1_226' title='bbox 757 443 896 466; x_wconf 70' lang='lat' dir='ltr'>vocatus.</span> <span class='ocrx_word' id='word_1_227' title='bbox 912 434 977 463; x_wconf 56' lang='lat' dir='ltr'>vid.</span> <span class='ocrx_word' id='word_1_228' title='bbox 988 435 1115 463; x_wconf 87' lang='lat' dir='ltr'>Sueton.</span> <span class='ocrx_word' id='word_1_229' title='bbox 1124 435 1208 473; x_wconf 88' lang='lat' dir='ltr'>Aug.</span> 
     </span>
     <span class='ocr_line' id='line_1_49' title="bbox 652 480 1209 519; baseline -0.007 -8"><span class='ocrx_word' id='word_1_230' title='bbox 652 482 702 511; x_wconf 84' lang='lat'>16.</span> <span class='ocrx_word' id='word_1_231' title='bbox 720 483 840 512; x_wconf 78' lang='lat' dir='ltr'>Excisae</span> <span class='ocrx_word' id='word_1_232' title='bbox 856 488 923 510; x_wconf 82' lang='lat' dir='ltr'>tum</span> <span class='ocrx_word' id='word_1_233' title='bbox 938 480 1039 516; x_wconf 70' lang='lat' dir='ltr'>silvae,</span> <span class='ocrx_word' id='word_1_234' title='bbox 1057 489 1125 519; x_wconf 86' lang='lat' dir='ltr'>quae</span> <span class='ocrx_word' id='word_1_235' title='bbox 1140 480 1209 508; x_wconf 86' lang='lat' dir='ltr'>loca</span> 
     </span>
     <span class='ocr_line' id='line_1_50' title="bbox 648 525 1210 567; baseline -0.005 -11"><span class='ocrx_word' id='word_1_236' title='bbox 648 528 752 557; x_wconf 75' lang='lat' dir='ltr'>vicina</span> <span class='ocrx_word' id='word_1_237' title='bbox 766 527 973 567; x_wconf 81' lang='lat' dir='ltr'>occupabant.</span> <span class='ocrx_word' id='word_1_238' title='bbox 990 527 1090 554; x_wconf 84' lang='lat' dir='ltr'>Locus</span> <span class='ocrx_word' id='word_1_239' title='bbox 1107 525 1210 554; x_wconf 85' lang='lat' dir='ltr'>classi-</span> 
     </span>
     <span class='ocr_line' id='line_1_51' title="bbox 649 572 1210 614; baseline -0.002 -12"><span class='ocrx_word' id='word_1_240' title='bbox 649 584 703 603; x_wconf 89' lang='lat' dir='ltr'>cus</span> <span class='ocrx_word' id='word_1_241' title='bbox 720 581 764 602; x_wconf 85' lang='lat' dir='ltr'>est</span> <span class='ocrx_word' id='word_1_242' title='bbox 780 573 864 614; x_wconf 85' lang='lat' dir='ltr'>apud</span> <span class='ocrx_word' id='word_1_243' title='bbox 883 574 978 602; x_wconf 89' lang='lat' dir='ltr'>Dion.</span> <span class='ocrx_word' id='word_1_244' title='bbox 1000 572 1144 607; x_wconf 73' lang='lat' dir='ltr'>XLVIII,</span> <span class='ocrx_word' id='word_1_245' title='bbox 1158 572 1210 607; x_wconf 86' lang='lat'>50,</span> 
     </span>
     <span class='ocr_line' id='line_1_52' title="bbox 649 617 1210 653; baseline -0.005 -5"><span class='ocrx_word' id='word_1_246' title='bbox 649 619 708 648; x_wconf 89' lang='lat' dir='ltr'>alia</span> <span class='ocrx_word' id='word_1_247' title='bbox 732 619 820 649; x_wconf 81' lang='lat' dir='ltr'>dedit</span> <span class='ocrx_word' id='word_1_248' title='bbox 844 620 969 649; x_wconf 68' lang='lat' dir='ltr'>Cluver.</span> <span class='ocrx_word' id='word_1_249' title='bbox 986 617 1054 647; x_wconf 86' lang='lat' dir='ltr'>Ital.</span> <span class='ocrx_word' id='word_1_250' title='bbox 1072 623 1136 646; x_wconf 84' lang='lat' dir='ltr'>ant.</span> <span class='ocrx_word' id='word_1_251' title='bbox 1154 618 1210 653; x_wconf 56' lang='lat' dir='ltr'>lv,</span> 
     </span>
     <span class='ocr_line' id='line_1_53' title="bbox 653 663 1212 702; baseline -0.005 -8"><span class='ocrx_word' id='word_1_252' title='bbox 653 676 682 695; x_wconf 86' lang='lat'>2.</span> <span class='ocrx_word' id='word_1_253' title='bbox 701 665 860 695; x_wconf 81' lang='lat' dir='ltr'>Adversus</span> <span class='ocrx_word' id='word_1_254' title='bbox 877 664 1029 699; x_wconf 70' lang='lat' dir='ltr'>Servium,</span> <span class='ocrx_word' id='word_1_255' title='bbox 1047 664 1101 702; x_wconf 86' lang='lat' dir='ltr'>qui</span> <span class='ocrx_word' id='word_1_256' title='bbox 1122 663 1212 702; x_wconf 86' lang='lat' dir='ltr'>plura</span> 
     </span>
     <span class='ocr_line' id='line_1_54' title="bbox 649 710 1211 753; baseline -0.004 -13"><span class='ocrx_word' id='word_1_257' title='bbox 649 712 791 753; x_wconf 72' lang='lat' dir='ltr'>miscuit,</span> <span class='ocrx_word' id='word_1_258' title='bbox 809 711 947 751; x_wconf 83' lang='lat' dir='ltr'>disputat</span> <span class='ocrx_word' id='word_1_259' title='bbox 963 711 1099 739; x_wconf 71' lang='lat' dir='ltr'>Guwens</span> <span class='ocrx_word' id='word_1_260' title='bbox 1114 710 1153 738; x_wconf 74' lang='lat' dir='ltr'>N.</span> <span class='ocrx_word' id='word_1_261' title='bbox 1171 710 1211 738; x_wconf 85' lang='lat' dir='ltr'>H.</span> 
     </span>
     <span class='ocr_line' id='line_1_55' title="bbox 649 756 1213 797; baseline -0.005 -11"><span class='ocrx_word' id='word_1_262' title='bbox 649 768 681 797; x_wconf 90' lang='lat' dir='ltr'>p.</span> <span class='ocrx_word' id='word_1_263' title='bbox 701 758 776 786; x_wconf 84' lang='lat'>581.</span> <span class='ocrx_word' id='word_1_264' title='bbox 788 757 936 787; x_wconf 84' lang='lat' dir='ltr'>Praelatus</span> <span class='ocrx_word' id='word_1_265' title='bbox 952 762 1054 783; x_wconf 84' lang='lat' dir='ltr'>tamen</span> <span class='ocrx_word' id='word_1_266' title='bbox 1071 756 1213 793; x_wconf 87' lang='lat' dir='ltr'>sequenti</span> 
     </span>
     <span class='ocr_line' id='line_1_56' title="bbox 650 801 1213 844; baseline -0.007 -12"><span class='ocrx_word' id='word_1_267' title='bbox 650 810 790 844; x_wconf 86' lang='lat' dir='ltr'>tempore</span> <span class='ocrx_word' id='word_1_268' title='bbox 801 808 911 842; x_wconf 87' lang='lat' dir='ltr'>portus</span> <span class='ocrx_word' id='word_1_269' title='bbox 926 802 1076 830; x_wconf 85' lang='lat' dir='ltr'>Misenus.</span> <span class='ocrx_word' id='word_1_270' title='bbox 1094 801 1213 829; x_wconf 87' lang='lat' dir='ltr'>Memo-</span> 
     </span>
     <span class='ocr_line' id='line_1_57' title="bbox 650 845 1210 888; baseline -0.007 -10"><span class='ocrx_word' id='word_1_271' title='bbox 650 856 698 878; x_wconf 87' lang='lat' dir='ltr'>rat</span> <span class='ocrx_word' id='word_1_272' title='bbox 714 850 817 888; x_wconf 83' lang='lat' dir='ltr'>itaque</span> <span class='ocrx_word' id='word_1_273' title='bbox 825 853 917 888; x_wconf 89' lang='lat' dir='ltr'>poeta</span> <span class='ocrx_word' id='word_1_274' title='bbox 924 853 1053 887; x_wconf 88' lang='lat' dir='ltr'>portum</span> <span class='ocrx_word' id='word_1_275' title='bbox 1068 845 1190 875; x_wconf 85' lang='lat' dir='ltr'>Julium</span> <span class='ocrx_word' id='word_1_276' title='bbox 1202 859 1210 883; x_wconf 77' lang='lat'>3</span> 
     </span>
     <span class='ocr_line' id='line_1_58' title="bbox 648 893 1210 934; baseline -0.005 -11"><span class='ocrx_word' id='word_1_277' title='bbox 648 905 739 934; x_wconf 82' lang='lat' dir='ltr'>quem</span> <span class='ocrx_word' id='word_1_278' title='bbox 766 895 809 923; x_wconf 90' lang='lat' dir='ltr'>sic</span> <span class='ocrx_word' id='word_1_279' title='bbox 833 894 1090 932; x_wconf 67' lang='lat' dir='ltr'>ornaxit1potms</span> <span class='ocrx_word' id='word_1_280' title='bbox 1106 893 1210 921; x_wconf 83' lang='lat' dir='ltr'>Lucri-</span> 
     </span>
    </p>

    <p class='ocr_par' dir='ltr' id='par_1_10' title="bbox 634 937 1210 1849">
     <span class='ocr_line' id='line_1_59' title="bbox 649 937 1209 980; baseline -0.005 -11"><span class='ocrx_word' id='word_1_281' title='bbox 649 951 752 980; x_wconf 84' lang='lat' dir='ltr'>noque</span> <span class='ocrx_word' id='word_1_282' title='bbox 774 940 887 969; x_wconf 70' lang='lat' dir='ltr'>addua</span> <span class='ocrx_word' id='word_1_283' title='bbox 908 939 1056 973; x_wconf 80' lang='lat' dir='ltr'>claustra,</span> <span class='ocrx_word' id='word_1_284' title='bbox 1075 937 1106 967; x_wconf 91' lang='lat' dir='ltr'>h.</span> <span class='ocrx_word' id='word_1_285' title='bbox 1125 948 1209 978; x_wconf 79' lang='lat' dir='ltr'>agge-</span> 
     </span>
     <span class='ocr_line' id='line_1_60' title="bbox 648 985 1210 1023; baseline -0.002 -9"><span class='ocrx_word' id='word_1_286' title='bbox 648 997 713 1015; x_wconf 76' lang='lat' dir='ltr'>tem</span> <span class='ocrx_word' id='word_1_287' title='bbox 729 986 820 1016; x_wconf 86' lang='lat' dir='ltr'>illum</span> <span class='ocrx_word' id='word_1_288' title='bbox 835 996 902 1015; x_wconf 89' lang='lat' dir='ltr'>non</span> <span class='ocrx_word' id='word_1_289' title='bbox 917 991 985 1013; x_wconf 91' lang='lat' dir='ltr'>tum</span> <span class='ocrx_word' id='word_1_290' title='bbox 1002 985 1139 1023; x_wconf 88' lang='lat' dir='ltr'>primum</span> <span class='ocrx_word' id='word_1_291' title='bbox 1152 985 1210 1013; x_wconf 83' lang='lat' dir='ltr'>fac-</span> 
     </span>
     <span class='ocr_line' id='line_1_61' title="bbox 647 1029 1210 1070; baseline -0.005 -9"><span class='ocrx_word' id='word_1_292' title='bbox 647 1039 724 1068; x_wconf 83' lang='lat' dir='ltr'>tum,</span> <span class='ocrx_word' id='word_1_293' title='bbox 734 1032 788 1061; x_wconf 84' lang='lat' dir='ltr'>sed</span> <span class='ocrx_word' id='word_1_294' title='bbox 803 1031 894 1061; x_wconf 79' lang='lat' dir='ltr'>novis</span> <span class='ocrx_word' id='word_1_295' title='bbox 909 1029 1058 1070; x_wconf 82' lang='lat' dir='ltr'>operibus</span> <span class='ocrx_word' id='word_1_296' title='bbox 1074 1029 1210 1059; x_wconf 69' lang='lat' dir='ltr'>adstruc-</span> 
     </span>
     <span class='ocr_line' id='line_1_62' title="bbox 647 1075 1207 1117; baseline -0.002 -10"><span class='ocrx_word' id='word_1_297' title='bbox 647 1085 724 1115; x_wconf 86' lang='lat' dir='ltr'>tum,</span> <span class='ocrx_word' id='word_1_298' title='bbox 735 1088 798 1117; x_wconf 90' lang='lat' dir='ltr'>quo</span> <span class='ocrx_word' id='word_1_299' title='bbox 814 1078 882 1117; x_wconf 89' lang='lat' dir='ltr'>ipso</span> <span class='ocrx_word' id='word_1_300' title='bbox 891 1082 1000 1117; x_wconf 83' lang='lat' dir='ltr'>portus</span> <span class='ocrx_word' id='word_1_301' title='bbox 1009 1075 1138 1105; x_wconf 79' lang='lat' dir='ltr'>effectus</span> <span class='ocrx_word' id='word_1_302' title='bbox 1153 1084 1207 1106; x_wconf 84' lang='lat' dir='ltr'>est.</span> 
     </span>
     <span class='ocr_line' id='line_1_63' title="bbox 646 1121 1210 1161; baseline -0.005 -8"><span class='ocrx_word' id='word_1_303' title='bbox 646 1124 765 1153; x_wconf 87' lang='lat' dir='ltr'>Eodem</span> <span class='ocrx_word' id='word_1_304' title='bbox 795 1122 891 1152; x_wconf 86' lang='lat' dir='ltr'>modo</span> <span class='ocrx_word' id='word_1_305' title='bbox 921 1121 1139 1161; x_wconf 88' lang='lat' dir='ltr'>accipiendum</span> <span class='ocrx_word' id='word_1_306' title='bbox 1165 1130 1210 1151; x_wconf 83' lang='lat' dir='ltr'>est</span> 
     </span>
     <span class='ocr_line' id='line_1_64' title="bbox 644 1167 1209 1205; baseline -0.005 -6"><span class='ocrx_word' id='word_1_307' title='bbox 644 1169 724 1199; x_wconf 83' lang='lat' dir='ltr'>illud</span> <span class='ocrx_word' id='word_1_308' title='bbox 741 1169 845 1205; x_wconf 80' lang='lat' dir='ltr'>Plinii,</span> <span class='ocrx_word' id='word_1_309' title='bbox 864 1179 904 1197; x_wconf 76' lang='lat' dir='ltr'>ex</span> <span class='ocrx_word' id='word_1_310' title='bbox 920 1174 1028 1196; x_wconf 89' lang='lat' dir='ltr'>nostro</span> <span class='ocrx_word' id='word_1_311' title='bbox 1044 1167 1209 1196; x_wconf 86' lang='lat' dir='ltr'>adumbra-</span> 
     </span>
     <span class='ocr_line' id='line_1_65' title="bbox 643 1214 1207 1250; baseline -0.005 -5"><span class='ocrx_word' id='word_1_312' title='bbox 643 1221 710 1244; x_wconf 85' lang='lat' dir='ltr'>tum</span> <span class='ocrx_word' id='word_1_313' title='bbox 726 1216 878 1250; x_wconf 69' lang='lat' dir='ltr'>XXXVI,</span> <span class='ocrx_word' id='word_1_314' title='bbox 893 1214 942 1250; x_wconf 85' lang='lat'>15,</span> <span class='ocrx_word' id='word_1_315' title='bbox 959 1224 984 1243; x_wconf 85' lang='lat' dir='ltr'>s,</span> <span class='ocrx_word' id='word_1_316' title='bbox 999 1219 1051 1249; x_wconf 79' lang='lat'>24,</span> <span class='ocrx_word' id='word_1_317' title='bbox 1066 1223 1102 1242; x_wconf 85' lang='lat'>12</span> <span class='ocrx_word' id='word_1_318' title='bbox 1120 1224 1207 1242; x_wconf 82' lang='lat' dir='ltr'>mare</span> 
     </span>
     <span class='ocr_line' id='line_1_66' title="bbox 645 1258 1204 1299; baseline -0.005 -9"><span class='ocrx_word' id='word_1_319' title='bbox 645 1263 674 1290; x_wconf 89' lang='lat' dir='ltr'><strong><em>T</em></strong></span> <span class='ocrx_word' id='word_1_320' title='bbox 665 1259 838 1299; x_wconf 75' lang='lat' dir='ltr'>yrrlzemtm</span> <span class='ocrx_word' id='word_1_321' title='bbox 860 1271 881 1288; x_wconf 84' lang='lat' dir='ltr'>a</span> <span class='ocrx_word' id='word_1_322' title='bbox 908 1258 1042 1288; x_wconf 79' lang='lat' dir='ltr'>Lucrino</span> <span class='ocrx_word' id='word_1_323' title='bbox 1071 1259 1204 1288; x_wconf 79' lang='lat' dir='ltr'>molibus</span> 
     </span>
     <span class='ocr_line' id='line_1_67' title="bbox 642 1305 1204 1342; baseline -0.004 -7"><span class='ocrx_word' id='word_1_324' title='bbox 642 1307 806 1342; x_wconf 82' lang='lat' dir='ltr'>seclusum,</span> <span class='ocrx_word' id='word_1_325' title='bbox 817 1306 977 1342; x_wconf 85' lang='lat' dir='ltr'>nimirum,</span> <span class='ocrx_word' id='word_1_326' title='bbox 985 1305 1066 1334; x_wconf 86' lang='lat' dir='ltr'>ostio</span> <span class='ocrx_word' id='word_1_327' title='bbox 1082 1312 1204 1334; x_wconf 84' lang='lat' dir='ltr'>tantum</span> 
     </span>
     <span class='ocr_line' id='line_1_68' title="bbox 641 1350 1205 1392; baseline -0.004 -11"><span class='ocrx_word' id='word_1_328' title='bbox 641 1359 752 1392; x_wconf 83' lang='lat' dir='ltr'>portus</span> <span class='ocrx_word' id='word_1_329' title='bbox 767 1352 888 1381; x_wconf 87' lang='lat' dir='ltr'>relicto.</span> <span class='ocrx_word' id='word_1_330' title='bbox 905 1352 1029 1390; x_wconf 76' lang='lat' dir='ltr'>AEquor</span> <span class='ocrx_word' id='word_1_331' title='bbox 1042 1357 1144 1380; x_wconf 86' lang='lat' dir='ltr'>autem</span> <span class='ocrx_word' id='word_1_332' title='bbox 1161 1350 1205 1379; x_wconf 81' lang='grc' dir='ltr'>ιἠ-</span> 
     </span>
     <span class='ocr_line' id='line_1_69' title="bbox 641 1397 1204 1437; baseline 0 -11"><span class='ocrx_word' id='word_1_333' title='bbox 641 1398 844 1437; x_wconf 75' lang='lat' dir='ltr'>dignabatur,</span> <span class='ocrx_word' id='word_1_334' title='bbox 863 1407 898 1426; x_wconf 92' lang='lat' dir='ltr'>ea</span> <span class='ocrx_word' id='word_1_335' title='bbox 917 1404 1020 1437; x_wconf 85' lang='lat' dir='ltr'>parte,</span> <span class='ocrx_word' id='word_1_336' title='bbox 1038 1407 1101 1436; x_wconf 78' lang='lat' dir='ltr'>qua</span> <span class='ocrx_word' id='word_1_337' title='bbox 1116 1397 1204 1426; x_wconf 81' lang='lat' dir='ltr'>unda</span> 
     </span>
     <span class='ocr_line' id='line_1_70' title="bbox 641 1441 1201 1483; baseline -0.002 -11"><span class='ocrx_word' id='word_1_338' title='bbox 641 1443 729 1472; x_wconf 82' lang='lat' dir='ltr'>Julia</span> <span class='ocrx_word' id='word_1_339' title='bbox 749 1450 844 1472; x_wconf 82' lang='lat' dir='ltr'>sonat</span> <span class='ocrx_word' id='word_1_340' title='bbox 856 1450 959 1483; x_wconf 80' lang='lat' dir='ltr'>ponto</span> <span class='ocrx_word' id='word_1_341' title='bbox 979 1443 1074 1482; x_wconf 78' lang='lat' dir='ltr'>longe</span> <span class='ocrx_word' id='word_1_342' title='bbox 1088 1441 1201 1482; x_wconf 71' lang='lat' dir='ltr'>refizso,</span> 
     </span>
     <span class='ocr_line' id='line_1_71' title="bbox 640 1488 1204 1529; baseline -0.002 -10"><span class='ocrx_word' id='word_1_343' title='bbox 640 1488 673 1519; x_wconf 84' lang='lat' dir='ltr'>h.</span> <span class='ocrx_word' id='word_1_344' title='bbox 704 1499 767 1529; x_wconf 89' lang='lat' dir='ltr'>qua</span> <span class='ocrx_word' id='word_1_345' title='bbox 793 1495 902 1528; x_wconf 83' lang='lat' dir='ltr'>portus</span> <span class='ocrx_word' id='word_1_346' title='bbox 932 1488 1035 1518; x_wconf 80' lang='lat' dir='ltr'>Julius</span> <span class='ocrx_word' id='word_1_347' title='bbox 1065 1489 1204 1518; x_wconf 77' lang='lat' dir='ltr'>immisso</span> 
     </span>
     <span class='ocr_line' id='line_1_72' title="bbox 640 1534 1203 1570; baseline -0.002 -6"><span class='ocrx_word' id='word_1_348' title='bbox 640 1536 718 1564; x_wconf 89' lang='lat' dir='ltr'>mari</span> <span class='ocrx_word' id='word_1_349' title='bbox 745 1539 810 1563; x_wconf 84' lang='lat' dir='ltr'>erat</span> <span class='ocrx_word' id='word_1_350' title='bbox 832 1534 978 1570; x_wconf 80' lang='lat' dir='ltr'>effectus3</span> <span class='ocrx_word' id='word_1_351' title='bbox 1004 1544 1036 1562; x_wconf 77' lang='lat' dir='ltr'>re</span> <span class='ocrx_word' id='word_1_352' title='bbox 1052 1545 1141 1568; x_wconf 82' lang='lat' dir='ltr'>usus,</span> <span class='ocrx_word' id='word_1_353' title='bbox 1168 1542 1203 1563; x_wconf 92' lang='lat' dir='ltr'>ut</span> 
     </span>
     <span class='ocr_line' id='line_1_73' title="bbox 639 1578 1203 1621; baseline -0.002 -12"><span class='ocrx_word' id='word_1_354' title='bbox 639 1590 719 1621; x_wconf 80' lang='lat' dir='ltr'>saepe</span> <span class='ocrx_word' id='word_1_355' title='bbox 736 1578 807 1608; x_wconf 84' lang='lat' dir='ltr'>fieri</span> <span class='ocrx_word' id='word_1_356' title='bbox 822 1580 915 1617; x_wconf 87' lang='lat' dir='ltr'>solet,</span> <span class='ocrx_word' id='word_1_357' title='bbox 933 1590 998 1609; x_wconf 90' lang='lat' dir='ltr'>non</span> <span class='ocrx_word' id='word_1_358' title='bbox 1014 1580 1203 1609; x_wconf 77' lang='lat' dir='ltr'>contrariam</span> 
     </span>
     <span class='ocr_line' id='line_1_74' title="bbox 639 1626 1202 1662; baseline 0 -8"><span class='ocrx_word' id='word_1_359' title='bbox 639 1633 692 1655; x_wconf 85' lang='lat' dir='ltr'>aut</span> <span class='ocrx_word' id='word_1_360' title='bbox 708 1627 848 1655; x_wconf 86' lang='lat' dir='ltr'>iteratam</span> <span class='ocrx_word' id='word_1_361' title='bbox 864 1626 1017 1655; x_wconf 83' lang='lat' dir='ltr'>actionem</span> <span class='ocrx_word' id='word_1_362' title='bbox 1034 1631 1133 1662; x_wconf 79' lang='lat' dir='ltr'>notat,</span> <span class='ocrx_word' id='word_1_363' title='bbox 1148 1626 1202 1655; x_wconf 85' lang='lat' dir='ltr'>sed</span> 
     </span>
     <span class='ocr_line' id='line_1_75' title="bbox 638 1671 1202 1712; baseline 0 -12"><span class='ocrx_word' id='word_1_364' title='bbox 638 1672 788 1712; x_wconf 87' lang='lat' dir='ltr'>simplicis</span> <span class='ocrx_word' id='word_1_365' title='bbox 809 1672 874 1701; x_wconf 70' lang='lat' dir='ltr'>vim</span> <span class='ocrx_word' id='word_1_366' title='bbox 896 1671 1000 1701; x_wconf 87' lang='lat' dir='ltr'>habet.</span> <span class='ocrx_word' id='word_1_367' title='bbox 1013 1672 1115 1701; x_wconf 88' lang='lat' dir='ltr'>Possit</span> <span class='ocrx_word' id='word_1_368' title='bbox 1135 1673 1202 1711; x_wconf 87' lang='lat' dir='ltr'>qui-</span> 
     </span>
     <span class='ocr_line' id='line_1_76' title="bbox 637 1716 1199 1757; baseline 0 -11"><span class='ocrx_word' id='word_1_369' title='bbox 637 1716 708 1746; x_wconf 87' lang='lat' dir='ltr'>dem</span> <span class='ocrx_word' id='word_1_370' title='bbox 731 1724 762 1747; x_wconf 86' lang='lat' dir='ltr'>et</span> <span class='ocrx_word' id='word_1_371' title='bbox 782 1718 826 1747; x_wconf 87' lang='lat' dir='ltr'>ita</span> <span class='ocrx_word' id='word_1_372' title='bbox 849 1718 968 1757; x_wconf 84' lang='lat' dir='ltr'>accipi,</span> <span class='ocrx_word' id='word_1_373' title='bbox 985 1724 1022 1746; x_wconf 81' lang='lat' dir='ltr'>nt</span> <span class='ocrx_word' id='word_1_374' title='bbox 1042 1723 1159 1757; x_wconf 87' lang='lat' dir='ltr'>pontus</span> <span class='ocrx_word' id='word_1_375' title='bbox 1181 1728 1199 1746; x_wconf 89' lang='lat' dir='ltr'>a</span> 
     </span>
     <span class='ocr_line' id='line_1_77' title="bbox 636 1763 1200 1804; baseline 0 -12"><span class='ocrx_word' id='word_1_376' title='bbox 636 1763 719 1793; x_wconf 89' lang='lat' dir='ltr'>mole</span> <span class='ocrx_word' id='word_1_377' title='bbox 743 1773 800 1804; x_wconf 83' lang='lat' dir='ltr'>agg</span> <span class='ocrx_word' id='word_1_378' title='bbox 801 1764 861 1792; x_wconf 87' lang='lat' dir='ltr'>eris</span> <span class='ocrx_word' id='word_1_379' title='bbox 889 1765 923 1792; x_wconf 85' lang='lat' dir='ltr'>in</span> <span class='ocrx_word' id='word_1_380' title='bbox 953 1765 1037 1793; x_wconf 80' lang='lat' dir='ltr'>mare</span> <span class='ocrx_word' id='word_1_381' title='bbox 1066 1763 1200 1802; x_wconf 86' lang='lat' dir='ltr'>projecti</span> 
     </span>
     <span class='ocr_line' id='line_1_78' title="bbox 634 1808 1201 1849; baseline 0 -11"><span class='ocrx_word' id='word_1_382' title='bbox 634 1808 769 1845; x_wconf 72' lang='lat' dir='ltr'>refimdi,</span> <span class='ocrx_word' id='word_1_383' title='bbox 784 1810 914 1849; x_wconf 84' lang='lat' dir='ltr'>reprimi</span> <span class='ocrx_word' id='word_1_384' title='bbox 926 1808 1079 1844; x_wconf 86' lang='lat' dir='ltr'>videatur,</span> <span class='ocrx_word' id='word_1_385' title='bbox 1098 1815 1134 1838; x_wconf 87' lang='lat' dir='ltr'>ut</span> <span class='ocrx_word' id='word_1_386' title='bbox 1149 1819 1201 1848; x_wconf 89' lang='lat' dir='ltr'>ap.</span> 
     </span>
    </p>

    <p class='ocr_par' dir='ltr' id='par_1_11' title="bbox 635 1853 1199 2216">
     <span class='ocr_line' id='line_1_79' title="bbox 635 1853 1198 1893; baseline 0 -9"><span class='ocrx_word' id='word_1_387' title='bbox 635 1856 751 1885; x_wconf 86' lang='lat' dir='ltr'>Lucan.</span> <span class='ocrx_word' id='word_1_388' title='bbox 762 1856 803 1891; x_wconf 89' lang='grc' dir='ltr'>Π,</span> <span class='ocrx_word' id='word_1_389' title='bbox 816 1855 878 1893; x_wconf 81' lang='lat'>617</span> <span class='ocrx_word' id='word_1_390' title='bbox 893 1865 902 1886; x_wconf 87' lang='lat'>:</span> <span class='ocrx_word' id='word_1_391' title='bbox 917 1854 1076 1884; x_wconf 79' lang='lat' dir='ltr'>violentos</span> <span class='ocrx_word' id='word_1_392' title='bbox 1092 1853 1198 1884; x_wconf 81' lang='lat' dir='ltr'>insula</span> 
     </span>
     <span class='ocr_line' id='line_1_80' title="bbox 639 1899 1198 1940; baseline -0.004 -10"><span class='ocrx_word' id='word_1_393' title='bbox 639 1900 733 1931; x_wconf 74' lang='lat' dir='ltr'>Coros</span> <span class='ocrx_word' id='word_1_394' title='bbox 759 1900 947 1940; x_wconf 71' lang='lat' dir='ltr'>Eoeclperec,</span> <span class='ocrx_word' id='word_1_395' title='bbox 971 1899 1060 1929; x_wconf 80' lang='lat' dir='ltr'>saxis</span> <span class='ocrx_word' id='word_1_396' title='bbox 1083 1899 1198 1929; x_wconf 75' lang='lat' dir='ltr'>lassas-</span> 
     </span>
     <span class='ocr_line' id='line_1_81' title="bbox 637 1943 1195 1986; baseline 0.002 -12"><span class='ocrx_word' id='word_1_397' title='bbox 637 1957 699 1986; x_wconf 82' lang='lat' dir='ltr'>que</span> <span class='ocrx_word' id='word_1_398' title='bbox 725 1943 905 1986; x_wconf 74' lang='lat' dir='ltr'>rtfitnderet</span> <span class='ocrx_word' id='word_1_399' title='bbox 930 1945 1056 1981; x_wconf 82' lang='lat' dir='ltr'>undas,·</span> <span class='ocrx_word' id='word_1_400' title='bbox 1075 1944 1130 1975; x_wconf 89' lang='lat' dir='ltr'>sed</span> <span class='ocrx_word' id='word_1_401' title='bbox 1150 1946 1195 1975; x_wconf 83' lang='lat' dir='ltr'>al-</span> 
     </span>
     <span class='ocr_line' id='line_1_82' title="bbox 636 1990 1196 2021; baseline 0 -1"><span class='ocrx_word' id='word_1_402' title='bbox 636 1998 684 2021; x_wconf 84' lang='lat' dir='ltr'>ter</span> <span class='ocrx_word' id='word_1_403' title='bbox 708 2002 815 2020; x_wconf 82' lang='lat' dir='ltr'>versus</span> <span class='ocrx_word' id='word_1_404' title='bbox 845 1992 886 2021; x_wconf 89' lang='lat' dir='ltr'>ad</span> <span class='ocrx_word' id='word_1_405' title='bbox 908 1990 1048 2021; x_wconf 84' lang='lat' dir='ltr'>eamdem</span> <span class='ocrx_word' id='word_1_406' title='bbox 1071 1997 1196 2021; x_wconf 86' lang='lat' dir='ltr'>senten-</span> 
     </span>
     <span class='ocr_line' id='line_1_83' title="bbox 637 2036 1199 2078; baseline 0 -12"><span class='ocrx_word' id='word_1_407' title='bbox 637 2038 713 2067; x_wconf 76' lang='lat' dir='ltr'>tiam</span> <span class='ocrx_word' id='word_1_408' title='bbox 719 2037 955 2078; x_wconf 81' lang='lat' dir='ltr'>exprimendam</span> <span class='ocrx_word' id='word_1_409' title='bbox 965 2037 1057 2067; x_wconf 85' lang='lat' dir='ltr'>valet.</span> <span class='ocrx_word' id='word_1_410' title='bbox 1068 2038 1097 2068; x_wconf 92' lang='lat' dir='ltr'><strong><em>T</em></strong></span> <span class='ocrx_word' id='word_1_411' title='bbox 1088 2036 1199 2076; x_wconf 79' lang='lat' dir='ltr'>yrrhe·</span> 
     </span>
     <span class='ocr_line' id='line_1_84' title="bbox 638 2083 1198 2122; baseline 0.004 -11"><span class='ocrx_word' id='word_1_412' title='bbox 638 2093 696 2112; x_wconf 79' lang='lat' dir='ltr'>nus</span> <span class='ocrx_word' id='word_1_413' title='bbox 708 2090 810 2120; x_wconf 79' lang='lat' dir='ltr'>aestus,</span> <span class='ocrx_word' id='word_1_414' title='bbox 826 2083 860 2114; x_wconf 89' lang='lat' dir='ltr'>h.</span> <span class='ocrx_word' id='word_1_415' title='bbox 877 2093 961 2114; x_wconf 86' lang='lat' dir='ltr'>mare</span> <span class='ocrx_word' id='word_1_416' title='bbox 977 2089 1124 2122; x_wconf 82' lang='lat' dir='ltr'>aestuans,</span> <span class='ocrx_word' id='word_1_417' title='bbox 1139 2084 1198 2113; x_wconf 80' lang='lat' dir='ltr'>im-</span> 
     </span>
     <span class='ocr_line' id='line_1_85' title="bbox 635 2128 1198 2171; baseline 0.002 -13"><span class='ocrx_word' id='word_1_418' title='bbox 635 2129 784 2166; x_wconf 85' lang='lat' dir='ltr'>mittitur,</span> <span class='ocrx_word' id='word_1_419' title='bbox 808 2140 864 2171; x_wconf 91' lang='lat' dir='ltr'>per</span> <span class='ocrx_word' id='word_1_420' title='bbox 893 2140 928 2160; x_wconf 92' lang='lat' dir='ltr'>os</span> <span class='ocrx_word' id='word_1_421' title='bbox 954 2135 1083 2170; x_wconf 78' lang='lat' dir='ltr'>portus,</span> <span class='ocrx_word' id='word_1_422' title='bbox 1100 2128 1198 2171; x_wconf 82' lang='lat' dir='ltr'>fretis</span> 
     </span>
     <span class='ocr_line' id='line_1_86' title="bbox 635 2174 1198 2216; baseline 0.002 -11"><span class='ocrx_word' id='word_1_423' title='bbox 635 2174 788 2212; x_wconf 71' lang='lat' dir='ltr'>Avernis,</span> <span class='ocrx_word' id='word_1_424' title='bbox 806 2176 840 2207; x_wconf 88' lang='lat' dir='ltr'>h.</span> <span class='ocrx_word' id='word_1_425' title='bbox 870 2176 953 2206; x_wconf 83' lang='lat' dir='ltr'>lacui</span> <span class='ocrx_word' id='word_1_426' title='bbox 976 2176 1124 2214; x_wconf 67' lang='lat' dir='ltr'>Ayemo,</span> <span class='ocrx_word' id='word_1_427' title='bbox 1142 2175 1198 2216; x_wconf 84' lang='lat' dir='ltr'>qui</span> 
     </span>
    </p>
   </div>
   <div class='ocr_carea' id='block_1_9' title="bbox 988 2239 1034 2263">
    <p class='ocr_par' dir='ltr' id='par_1_12' title="bbox 988 2239 1034 2263">
     <span class='ocr_line' id='line_1_87' title="bbox 988 2239 1034 2263; baseline 0 0"><span class='ocrx_word' id='word_1_428' title='bbox 988 2239 1034 2263; x_wconf 82' lang='lat'>21</span> 
     </span>
    </p>
   </div>
  </div>
 </body>
</html>
