1408 2428
577 71 744 101 ECLOGA
769 75 808 101 Y,
1240 79 1282 116 65,

86 129 163 179 Ipsi
178 128 306 165 laetitia
321 140 433 166 voces
449 127 496 164 ad
513 127 638 165 sidera
649 129 792 178 jactant

84 190 229 226 Intonsi
243 198 405 235 montes;
421 187 511 239 iplsae
523 188 601 238 jam
616 189 783 225 carmina
798 202 914 239 rupes
933 219 943 236 ‚

83 251 169 299 Ipsa
184 259 317 287 sonant
332 247 486 285 arbusta
502 261 510 283 ε
528 250 630 286 Deus
640 276 649 294 ‚
668 249 760 286 deus
773 248 836 285 ille
851 277 861 295 ‚
879 251 1070 287 Menalca!

84 309 142 346 Sis
157 308 280 346 bonus
297 323 319 346 o
336 309 500 358 felixque
516 309 590 346 tuis
608 323 616 344 ε
635 323 680 346 en
697 319 866 359 quatuor
883 323 965 347 aras
985 325 992 345 :
1255 321 1285 344 65

83 370 179 405 Ecce
195 369 285 405 duas
303 368 392 414 tibi,
409 369 582 418 Daphni,
599 369 711 414 duas,
729 369 861 406 altaria
872 397 881 415 ,
898 369 1058 417 Phoebo3

82 429 220 465 Pocula
237 428 327 465 bina
342 441 442 466 novo
459 429 672 479 spumantia
689 429 784 466 lacte
801 439 894 478 quot
910 430 1016 466 annis

83 491 334 538 Craterasque
350 489 430 526 duo
446 497 606 527 statuam
623 489 693 527 tibi
709 489 859 539 pinguis
878 489 980 527 olivi.

81 661 147 690 lum
163 661 215 691 alii
229 661 313 700 apud
329 662 408 691 Pier.
423 667 454 689 et
469 662 575 690 Heius.
594 672 653 701 pro

81 707 276 737 dolum.N0n
282 706 401 735 scilicet
407 706 458 735 issa
465 707 615 736 silvarum
623 715 653 736 et

82 762 228 793 agrorum
243 753 350 782 laetitia
368 763 432 782 esse
450 759 572 793 poterat
586 753 652 781 sine

80 799 246 827 securitate
262 808 270 828 ;
287 809 382 838 quam
396 809 453 838 per
468 798 533 827 ocia
552 798 653 826 decla—

81 851 138 873 rat.
154 843 206 873 Ab
216 844 274 873 hac
286 845 391 884 itaque
403 844 652 873 enuntiationem

80 897 244 919 mutuatur
261 896 364 930 poeta.
388 891 428 919 Et
447 899 492 918 vs.
516 889 557 918 62
584 899 651 918 0111-

80 937 169 966 nium
194 935 270 965 adeo
286 946 392 964 rerum
409 941 530 964 naturae
548 945 583 964 ea
600 935 651 964 lae-

80 982 148 1011 fitia
157 982 334 1011 communis
341 992 405 1011 esse
415 982 557 1021 ponitur.
568 983 653 1011 Duc-

80 1035 149 1057 tum
179 1034 283 1057 autem
304 1038 346 1057 ex
370 1028 505 1058 Theocr.
529 1029 649 1064 XXIV,

80 1074 134 1110 84,
164 1073 206 1103 85
233 1073 375 1110 videtur,
407 1073 479 1110 ubi,
514 1073 655 1103 Hercule

76 1121 160 1149 inter
185 1119 260 1150 deos
290 1126 435 1160 recepto,
462 1119 559 1160 lupus
585 1130 655 1149 non.

78 1166 211 1208 amplius
236 1166 403 1197 insidiatur
434 1165 583 1195 hinnulo.
607 1184 617 1186 >
638 1184 654 1192 ν,

78 1216 132 1245 63.
152 1214 281 1245 Intonsi
297 1220 420 1244 montes
437 1218 512 1242 sunt
527 1211 650 1249 silvosi,

77 1261 213 1292 incaeduj
224 1284 232 1297 ‚
259 1267 296 1290 ut
315 1262 398 1290 Serv.
426 1258 536 1289 Paullo
563 1258 651 1288 aliter

77 1307 160 1338 consi
170 1307 279 1337 valles
288 1307 403 1346 Georg.
417 1306 474 1341 IV,
486 1314 563 1342 277,
578 1312 652 1334 sunt

76 1364 154 1394 quas
162 1352 299 1394 pecudes
312 1352 456 1387 tondent,
467 1349 649 1389 depascunt.

78 1407 171 1429 consa
193 1398 304 1428 humus
331 1397 426 1428 Ovid.
453 1398 543 1426 Rem.
576 1405 650 1434 192,

79 1445 204 1476 desecto
222 1445 361 1484 gramine
382 1442 434 1471 vel
457 1440 553 1470 foeno.
578 1443 652 1472 Non

80 1501 146 1521 uno
169 1492 274 1530 itaque
306 1488 401 1519 modo
431 1486 493 1516 hoe
523 1486 650 1518 dicitur.

80 1536 207 1577 Quibus
228 1537 304 1576 ipsis
331 1533 471 1564 concidit
496 1532 651 1562 dubitatio

79 1583 226 1619 Martini,
247 1582 303 1622 qui
325 1591 391 1610 non
406 1580 467 1610 nisi
491 1589 512 1608 a
528 1580 652 1618 pecude

79 1628 226 1668 depastos
248 1627 380 1668 intelligi
402 1635 492 1666 posse
509 1625 649 1665 putabat.

81 1691 126 1697 —
143 1675 199 1710 64.
218 1675 246 1704 O
264 1673 423 1709 Menalca,
442 1673 508 1712 ipsa
526 1672 651 1702 arbusta

81 1726 227 1750 resonant
243 1728 250 1748 :
266 1721 369 1757 Deus,
389 1720 475 1748 Deus
490 1717 556 1746 ille!

127 1766 182 1796 65.
210 1767 305 1797 Nunc
324 1775 448 1795 sacrum
463 1765 491 1794 ei
510 1774 653 1794 annuum

81 1811 231 1842 decernit.
247 1813 353 1842 Primo
367 1821 441 1842 eum
455 1812 582 1840 invocat
593 1820 600 1841 z
611 1810 652 1839 sis

81 1858 179 1887 bonus
200 1869 218 1887 ο
232 1856 383 1899 fi’lixque
399 1857 469 1888 tuis.
488 1857 581 1887 Felix
608 1864 654 1887 est

81 1903 250 1944 propitius»,
261 1910 298 1933 ut
306 1907 376 1935 AEn.
386 1905 411 1941 Ι,
422 1905 486 1934 330
498 1903 547 1932 Sis
546 1902 647 1944 felix,

84 1957 285 1989 nostrumque
297 1949 378 1979 leves
389 1960 594 1990 quaecumque
607 1949 653 1978 la-

82 1995 199 2024 borem.
210 2006 240 2025 V.
251 1997 337 2026 Serv.
350 2002 382 2025 et
393 1997 499 2035 Intpp.
510 1997 591 2024 Mox
606 2004 653 2023 sa-

83 2051 175 2070 crum
193 2041 259 2079 ejus
276 2051 351 2070 cum
364 2041 424 2071 alio
439 2051 527 2070 sacro
544 2040 655 2070 Phoebi

83 2087 249 2127 conjungit
272 2096 280 2117 :
306 2086 393 2126 quod
416 2086 585 2116 observatu
609 2085 656 2115 di-

83 2143 182 2174 gnum
197 2139 243 2163 est
256 2141 263 2162 :
275 2131 366 2162 heroi
377 2134 474 2174 igitur
487 2142 561 2172 cum
576 2131 653 2161 deo:

42 2175 53 2183 ⁴
83 2179 164 2209 forte
195 2185 344 2219 tanquam
373 2185 482 2209 cantus
513 2177 654 2219 praeside.

708 664 806 691 Porro
816 671 937 691 novum
946 661 1018 698 hoc,
1030 660 1117 700 quod
1130 671 1197 691 non
1206 665 1282 692 utri-

708 718 769 747 que
783 718 845 736 una
861 717 910 736 ara
924 706 971 743 fit,
982 714 1019 736 ut
1033 705 1194 749 σύμβωμοι
1207 709 1280 745 sint;

708 753 762 781 sed
772 753 859 792 quod
868 753 994 791 utrique
1004 762 1061 781 sua
1074 764 1124 782 ara
1136 776 1144 789 ‚
1164 761 1195 782 et
1211 755 1280 793 qui·

708 798 779 827 dem
798 800 925 837 utrique
949 798 1020 826 duce
1042 808 1118 833 arce,
1142 798 1281 839 adeoque

707 851 844 883 quatuor
851 850 1026 883 ponuntur.
1036 843 1135 881 Cujus
1145 845 1190 873 rei
1197 846 1282 885 equi—

708 889 779 919 dem
805 891 959 919 tationem
986 890 1062 918 novi
1088 889 1219 920 nullam.
1236 893 1281 912 —'

708 936 762 965 66.
799 937 871 965 Duo
898 935 1017 965 altaria
1050 937 1084 965 in
1120 937 1282 966 nonnullis

707 992 779 1011 mss,
813 982 938 1021 duoque
973 975 1093 1011 altaria
1130 982 1221 1011 Cerd.
1253 991 1283 1011 et

706 1030 834 1058 Ruaeus.
852 1029 944 1058 Unus
959 1038 1016 1057 ms.
1036 1029 1113 1068 ch.
1127 1027 1189 1056 duo
1214 1028 1282 1057 laec

706 1073 836 1103 altaria.
868 1075 983 1105 Noster
1018 1084 1058 1103 ex
1096 1075 1281 1104 auctoritate

706 1121 816 1150 Heins.
827 1126 857 1149 et
867 1121 1041 1150 Burmann.
1056 1120 1135 1149 duas
1148 1121 1277 1157 altaria,

704 1166 774 1196 scil.
791 1177 883 1202 aras,
899 1165 1020 1195 Phoebo
1035 1176 1107 1206 quse
1121 1167 1185 1197 sint
1200 1167 1283 1197 alca-

707 1212 754 1241 ria
760 1224 773 1248 ;
802 1219 838 1241 ut
847 1235 856 1249 ‚
886 1211 973 1252 quod
1000 1211 1170 1242 discrimen
1198 1215 1281 1243 iuter

707 1265 878 1298 utrumque
908 1256 1029 1287 faciunt
1055 1259 1279 1297 Grammatici,

706 1311 799 1344 poeta
824 1309 973 1343 sequatur
986 1303 998 1345 (
1030 1304 1093 1334 vid.
1120 1305 1227 1334 Heius.
1248 1306 1260 1345 )
1272 1329 1280 1342 ,

706 1350 890 1389 Phoeboque
904 1349 980 1379 adeo
990 1371 998 1385 ‚
1016 1356 1164 1389 tanquam
1174 1361 1213 1379 ex
1228 1361 1280 1380 su-

704 1397 787 1435 peris
795 1395 864 1431 diis,
875 1395 970 1425 altare
978 1418 986 1432 ‚
997 1395 1168 1436 Daphnidi,
1178 1396 1279 1433 heroi,

707 1451 791 1470 aram
805 1441 937 1471 dedicet.
959 1443 1033 1472 Non
1057 1449 1160 1472 tamen
1178 1442 1280 1481 placet

706 1489 739 1516 in
756 1495 848 1527 poeta
867 1489 925 1517 ista
947 1489 1142 1528 grammatici
1154 1488 1279 1518 subtili-

706 1540 766 1569 tas;
783 1541 814 1563 et
825 1541 957 1574 potuere
967 1533 1032 1563 duo
1046 1533 1199 1564 vocabula
1208 1545 1280 1574 pro-

706 1580 825 1609 miscue
846 1590 862 1608 a
880 1586 972 1619 poeta
996 1580 1072 1620 poni
1082 1603 1090 1617 ,
1117 1582 1279 1610 communi

706 1625 1046 1656 moreobservandum
1055 1633 1168 1662 autem,
1176 1626 1279 1666 Daph-

706 1671 784 1708 nidi,
800 1678 835 1700 nt
849 1671 949 1709 heroi,
963 1682 1087 1701 sacrum
1099 1671 1170 1702 fieri
1182 1672 1277 1708 laete,

706 1718 786 1755 oleo,
795 1718 869 1747 vino
880 1716 1139 1758 ,εᾶεοεμιθλοιβὴ
1148 1714 1278 1754 σπονδῆ,

705 1774 771 1794 non
781 1764 908 1793 victima
922 1774 1009 1794 caesa.
1025 1763 1112 1793 Idem
1121 1763 1279 1803 Nymphis

706 1816 736 1839 et
746 1810 823 1840 Pani
831 1808 868 1839 fit
878 1809 963 1850 apud
971 1809 1104 1839 Theocr.
1115 1812 1156 1846 V,
1170 1810 1222 1845 53,
1237 1810 1278 1844 54

707 1862 737 1885 et
748 1856 801 1893 58,
812 1856 864 1895 59,
873 1855 958 1885 unde
964 1854 1032 1884 haec
1042 1865 1187 1894 expressa
1193 1862 1277 1884 sunt.

707 1913 786 1931 novo
794 1903 886 1936 lacte,
900 1908 937 1930 ut
946 1901 1011 1931 Ecl.
1023 1902 1064 1937 ΙΙ,
1075 1911 1116 1930 22
1129 1902 1194 1930 Lac
1201 1900 1281 1930 mihi

706 1958 770 1977 non
778 1954 888 1977 aescace
895 1957 1019 1981 novum,
1031 1945 1221 1988 nonfizgore
1228 1947 1279 1976 de-

700 1993 797 2035 fit.—
807 1992 984 2033 68.Vu]gg.
995 1992 1083 2022 duos.
1094 1994 1138 2022 At
1147 1993 1279 2031 duojam

708 2050 724 2068 e
737 2041 830 2069 Rom.
848 2038 1079 2068 commendavit
1094 2040 1174 2069 Pier.
1186 2045 1217 2069 et
1231 2050 1278 2068 re-

709 2086 792 2125 cepit
813 2085 922 2115 Heius.
941 2085 1008 2114 aliis
1026 2085 1276 2115 assentientibus.

708 2131 975 2172 Distinguendum
997 2138 1079 2160 certe
1100 2130 1161 2161 fuit
1180 2131 1276 2166 duas,

710 2177 831 2206 altaria
845 2177 904 2217 Ph.
