1377 2428
574 70 694 98 Lim-‘R
720 70 777 96 lv.

1212 68 1274 95 333

82 131 174 167 Lilia
192 158 200 174 ,
221 128 479 175 verbenasque
498 138 671 174 premens
688 137 916 173 vescumque
936 136 1121 173 papaver,

79 193 223 238 Regum
242 186 416 236 aequabat
433 197 523 233 opes
541 185 691 229 aniniis3
708 196 865 232 seraque
883 192 1075 219 revertens

78 251 197 286 Nocte
217 248 370 284 domum
396 244 556 294 dapibus
573 256 718 281 mensas
739 243 921 281 onerabat
939 243 1099 280 inemtis,

79 310 224 346 Primus
241 322 329 344 vere
348 319 472 343 rosam
491 314 604 354 atque
625 314 831 341 auctumno
849 317 1005 354 carpere
1026 317 1157 353 poma⁷

80 372 125 405 Et
146 381 263 418 quum
284 367 401 404 tristis
420 365 540 402 hiems
562 365 675 401 etiam
694 377 795 401 nunc
816 364 955 413 frigore
973 376 1062 401 saxa
1234 372 1277 394 135

79 431 303 477 Rulnperet,
324 435 360 464 et
377 426 494 475 glacie
517 437 647 461 cursus
666 424 831 460 frenaret
852 436 1054 472 aquarum,

78 486 143 523 Ille
166 498 310 522 comam
331 485 451 521 mollis
464 485 542 534 jam
559 482 740 520 tondebat
757 481 974 531 hyacinthi,

77 548 256 582 AEstatem
273 545 500 593 increpitans
518 556 639 580 seram
656 542 920 592 zephyrosque
938 541 1130 577 morantis.

80 608 177 654 Ergo
195 605 329 654 apibus
349 605 431 641 fetis
452 604 553 639 idem
573 612 684 652 atque
705 601 876 639 examine
898 600 1015 636 multo

78 665 222 700 Primus
243 664 457 709 abundare,
474 671 511 700 et
530 663 744 712 spumantia
760 674 895 711 cogere
914 660 1051 710 pressis
1230 670 1276 695 ψ

78 723 189 758 Mella
207 723 312 760 favis.
333 723 392 759 Illi
409 722 495 758 tiliae
507 750 516 768 ‚
538 730 650 771 atque
666 721 859 758 uberrima
876 720 1006 770 pinus;

79 787 256 832 Quotque
274 784 312 819 in
329 783 421 819 flore
441 795 540 819 novo
560 784 681 832 pomis
703 796 742 820 se
764 781 895 818 fertilis
914 780 1024 817 arbos

78 945 142 973 est,
157 944 193 966 ut
211 938 294 966 olera
315 938 419 977 parvis
443 938 525 967 inter
542 948 573 967 se
596 939 645 967 in-

81 983 230 1021 tervallis,
249 983 328 1012 raris
344 983 521 1021 ordinibus,
541 994 646 1013 seran-

79 1037 149 1059 tur:
172 1029 205 1058 id
223 1029 309 1069 quod
321 1031 355 1058 in
373 1030 441 1059 solo
465 1030 554 1059 tenui
568 1030 647 1059 mul-

80 1083 110 1104 to
122 1076 218 1115 magis
227 1074 297 1105 fieri
307 1086 430 1104 neeesse
445 1082 519 1105 erat.
535 1076 647 1105 Saltem

78 1121 138 1150 hoc
162 1121 283 1157 malim,
303 1131 395 1161 quam
423 1131 575 1161 porosum
598 1123 646 1151 in-

56 1184 64 1188 ·
80 1168 256 1207 terpretari‚
280 1174 316 1196 ut
340 1168 470 1207 spongia
486 1177 554 1196 rara
571 1167 648 1197 dici-

81 1221 141 1242 tur.
157 1212 281 1242 Circum
294 1214 328 1241 in
347 1214 410 1241 oris
426 1223 567 1243 arearum
583 1214 647 1243 ole—

80 1258 168 1287 ribus
181 1259 385 1288 consitarum.
403 1258 565 1295 Verbena,
586 1259 650 1288 hie-

80 1305 244 1341 robotane,
258 1305 291 1334 la
300 1303 466 1341 meweine,
477 1304 509 1333 h.
519 1304 540 1334 l.
556 1315 649 1345 apum

81 1361 188 1379 caussa
220 1357 293 1381 sata.
332 1352 362 1377 V
361 1360 464 1379 escum
484 1361 648 1390 papaver,

80 1397 169 1425 tenui
181 1407 297 1437 grano3
314 1396 440 1433 Ge.111,
460 1397 522 1434 175
538 1407 651 1426 vescas

81 1442 213 1472 salicum
217 1441 356 1483 frondes
379 1442 479 1479 dixit3
502 1442 539 1471 ad
556 1453 650 1483 quem

80 1500 125 1519 vs.
138 1488 351 1518 vide—132.
372 1488 527 1528 AEquabit
547 1496 648 1528 quart.

79 1536 196 1565 Moret.
206 1535 324 1564 Animo
333 1541 471 1575 quatuor
483 1534 566 1575 apud
575 1536 650 1565 Bur-

82 1591 232 1610 mannum
244 1604 252 1618 ‚
269 1588 300 1611 et
314 1582 358 1610 sic
373 1583 460 1611 Serv.
477 1581 517 1610 ad
532 1583 602 1611 AEn.
619 1583 649 1618 Ι,

85 1637 97 1655 1
107 1628 136 1657 8.
151 1627 215 1658 vid.
236 1627 273 1656 ad
291 1626 414 1657 Phaedr.
429 1628 461 1656 II
471 1649 480 1664 ‚
510 1627 527 1657 3
538 1649 548 1663 ,
574 1628 651 1656 Bur-

81 1683 186 1703 mann.
202 1675 322 1703 Versus
336 1674 398 1702 130
411 1696 419 1710 ,
441 1674 478 1702 13
488 1684 500 1702 ι
521 1673 651 1703 aberant

81 1730 98 1748 a
125 1718 222 1750 Goth.
249 1730 310 1749 see.
333 1737 379 1742 —-
404 1720 478 1754 134.
498 1719 649 1759 Carpere,

81 1765 247 1806 carpebat,
281 1765 434 1795 historico
470 1765 566 1795 modo
581 1787 589 1802 ,
614 1772 652 1794 ut

81 1819 111 1841 et
124 1822 154 1841 v.
173 1817 304 1847 140.·--
318 1812 391 1842 135.
419 1811 547 1853 Frigore
567 1821 651 1840 sama

81 1859 267 1896 [lumper-et,
283 1869 314 1888 v.
333 1858 396 1895 Ge,
411 1859 459 1887 III
470 1880 478 1895 ‚
495 1858 571 1888 363.
585 1858 651 1887 Etsi

81 1904 136 1932 vix
156 1903 262 1932 credas
276 1926 284 1940 ‚
311 1905 346 1933 in
372 1904 452 1933 locis
475 1903 524 1932 his
552 1903 650 1933 Italia:

80 1956 228 1979 extremae
244 1951 327 1979 circa
342 1951 515 1979 Tarentum
534 1956 650 1979 tantam

32 2020 42 2027 .
80 1995 192 2025 hiemis
209 1996 357 2025 saevitiam
382 1994 520 2025 incidere
541 2006 651 2036 posse3

82 2048 117 2070 ut
135 2052 193 2081 pro
206 2041 343 2082 generali
363 2040 474 2072 hiemis
489 2043 651 2072 notatione

80 2087 148 2116 haec
165 2088 228 2117 sint
244 2087 401 2118 habenda.
423 2105 469 2111 --
488 2089 562 2126 137.
579 2090 650 2118 Jam

82 2144 156 2163 vero
173 2133 352 2175 mollisjam
363 2133 374 2175 (
384 2145 450 2165 non
459 2157 467 2171 ‚
484 2134 569 2175 tum)
583 2142 651 2164 ton·

82 2179 177 2210 debae
205 2179 372 2219 hyacinthi
402 2180 547 2212 scribunt
589 2180 649 2210 dis-

700 944 779 966 serte
805 935 969 965 Mediceus
984 958 992 972 ‚
1014 935 1099 965 Gud.
1124 936 1274 966 Rottend.

700 990 770 1013 tert.
791 994 807 1012 a
823 993 866 1012 m.
885 993 934 1022 pr.
945 1004 953 1018 ‚
968 981 1099 1011 Mentel.
1114 981 1188 1017 duo,
1206 982 1274 1011 Me-

700 1039 771 1070 nag.
786 1029 838 1058 alt.
850 1034 881 1058 et
893 1030 1009 1058 Moret.
1022 1035 1083 1057 tres
1099 1027 1183 1068 (quo
1196 1029 1273 1067 Reg.

701 1075 813 1104 alludit
823 1084 830 1104 :
840 1075 903 1113 jam
915 1074 1002 1103 tond.
1016 1072 1176 1114 iacinelzi).
1189 1075 1277 1103 Eam-

702 1120 773 1150 dem
803 1121 972 1150 lectionem
997 1121 1030 1149 in
1056 1126 1169 1149 vetust.
1186 1119 1276 1149 libris

700 1168 865 1196 invenerat
893 1166 1032 1196 Achilles
1059 1168 1195 1202 Statius;
1220 1167 1275 1194 ita-

702 1223 763 1253 que
777 1212 922 1242 nondum
939 1219 1097 1252 receptam
1114 1222 1178 1241 esse
1199 1212 1274 1241 olim

702 1258 857 1295 mirabar3
875 1265 908 1288 et
933 1268 1020 1287 nunc
1056 1268 1123 1286 eam
1147 1258 1276 1297 recepi,

703 1303 912 1345 adstipulante
928 1303 1100 1334 Brunckio.
1120 1305 1200 1334 Nam
1216 1314 1276 1332 ma—

704 1350 853 1380 nifestum
881 1357 945 1387 est,
974 1357 1028 1380 aut
1055 1351 1276 1390 importunum

704 1403 824 1426 metum
855 1395 894 1426 de
931 1397 1023 1426 metri
1055 1397 1193 1431 ratione,
1223 1403 1277 1425 aut

703 1443 890 1482 scripturam
920 1443 986 1471 sine
1012 1442 1201 1481 aspiratione
1233 1441 1277 1471 10-

706 1498 778 1517 cum
821 1488 942 1518 dedisse
989 1487 1208 1527 depravationi
1242 1489 1276 1516 in

704 1533 877 1570 achalam,
905 1533 945 1562 ad
965 1532 1096 1562 ductum
1118 1533 1185 1563 Ecl.
1210 1534 1275 1569 ΙΙΙ,

706 1581 748 1617 45
760 1603 769 1618 ,
787 1580 845 1610 ubi
867 1579 971 1610 mollis
992 1578 1151 1609 acanthus
1165 1589 1276 1609 oecur-

703 1627 856 1657 rebat.—
866 1627 1000 1656 Comam
1014 1625 1120 1655 mollis
1129 1625 1198 1666 jam
1211 1633 1278 1654 ton-

704 1673 801 1702 debat
822 1672 988 1712 hyacinthi
1017 1681 1025 1702 ε
1061 1671 1093 1701 h.
1130 1672 1277 1712 carpebat

703 1718 894 1759 hyacinthos
915 1718 1016 1748 media
1035 1717 1149 1748 hieme.
1178 1718 1277 1748 Coma

704 1764 870 1803 hyacinthi
880 1775 940 1805 pro
953 1766 1021 1805 ipso
1035 1763 1124 1794 flore.
1137 1780 1183 1787 —-
1202 1774 1213 1793 1
1222 1765 1275 1793 38.

704 1812 845 1853 Argutus
873 1821 993 1840 versus.
1018 1812 1088 1851 Ipse
1104 1817 1274 1840 anteverte-

705 1857 758 1887 hat
773 1857 970 1898 praecocibus
986 1855 1120 1886 floribus
1140 1863 1276 1886 aestatem

704 1910 735 1933 et
748 1903 919 1944 zephyros,
936 1909 966 1932 et
978 1902 1099 1932 idcirco
1112 1903 1276 1943 increpare

704 1960 814 1980 eorum
837 1949 1013 1979 tarditatem
1033 1959 1069 1978 ac
1090 1959 1210 1979 moram
1234 1950 1275 1978 vi·-

704 1995 771 2025 deri
787 2001 920 2036 poterat.

755 2048 829 2078 140.
861 2040 1027 2072 Mellificio
1059 2040 1275 2071 antevertebat

704 2088 781 2118 alios
791 2098 799 2125 3
810 2087 902 2118 mella
916 2088 1069 2118 maturius
1078 2086 1276 2127 exprimebat

702 2134 790 2165 favis.
814 2133 989 2176 Apesfittoe
1010 2133 1112 2164 melle.
1132 2150 1178 2156 —-
1199 2139 1273 2169 141„

703 2180 803 2210 Pinus
822 2181 887 2211 vid.
916 2180 955 2210 ad
975 2191 1020 2211 VS.
1049 2190 1177 2211 112.—-
1190 2185 1251 2214 142
1266 2201 1273 2213 ‚
