1408 2428
590 91 760 121 ECLOGA
789 93 831 122 11.
1276 101 1316 131 19

107 150 217 186 Nunc
233 147 345 184 etiam
361 146 524 198 pecudes
539 147 693 185 umbras
711 157 747 184 et
765 149 909 197 frigora
927 157 1103 199 captant3

107 212 218 247 Nunc
232 209 362 245 viridis
379 208 493 245 etiam
509 209 700 245 occultant
718 209 866 259 spineta
882 210 1043 247 lacertos
1056 226 1066 256 3

109 270 296 318 Thestylis
312 279 348 306 et
364 269 498 319 rapido
515 269 619 306 fessis
636 268 865 306 messoribus
883 278 976 306 aestu
1288 286 1318 301 10

111 331 209 368 Allia
223 330 503 380 serpyllumque
519 330 658 367 herbas
675 329 874 367 contundit
892 329 1026 366 olentis
1046 344 1053 364 :

112 394 162 427 At
177 403 325 426 mecum
342 390 483 436 raucis,
500 398 564 427 tua
581 390 671 426 dum
688 390 846 440 vestigia
864 390 1003 433 lustro,

114 449 200 486 Sole
215 449 287 488 sub
304 450 450 487 ardenti
468 459 643 487 resonant
661 450 816 487 arbusta
834 448 984 485 cicadis.

112 511 247 546 Nonne
263 509 334 546 fuit
349 509 483 556 satius,
503 510 627 547 tristes
645 509 888 560 Amaryllidis
905 510 979 545 iras

110 603 159 639 lis,
175 614 270 645 quam
284 604 414 634 Graecus
427 603 465 634 de
475 602 692 642 futuro‚7tcrri-

110 660 181 684 σεις.
219 650 333 680 Libens
372 661 446 691 ergo
483 653 689 691 reposuerim.

111 698 266 736 Reposujt
282 699 363 726 Pott.
374 697 384 736 ]
394 708 477 737 -9.
492 699 540 726 Ex
552 698 688 727 Theocr.

111 742 246 771 ductum
256 744 329 779 VII,
347 754 386 772 22
403 746 513 784 σαῦρες
532 742 579 783 ἐφ’
597 742 689 785 αἱμα.-

112 788 205 818 stato-1.
221 785 365 818 καθεύδει
378 812 386 825 ,
407 789 462 818 ubi
482 787 532 827 ὑφ’
558 799 598 817 ex
616 789 647 818 h.
665 789 685 817 l.

113 834 352 864 commendabat
375 834 468 863 Valk.
492 851 537 855 --
557 835 688 864 Diversa

113 889 216 911 tamen
227 877 358 921 αἱμασιά
371 891 410 910 ex
424 881 583 909 caementis
600 891 615 909 a
625 882 688 920 spi-

112 928 210 963 netis3
231 926 366 956 assident
381 927 505 956 lacertae
529 928 688 964 maceriis,

112 980 166 1003 aut
186 973 341 1004 insident:
362 980 488 1013 praestat
509 973 617 1003 saltem
640 972 686 1011 ἐν,

112 1019 199 1060 quod
224 1019 316 1049 codd.
341 1020 494 1061 praebent,
509 1027 539 1049 et
563 1031 687 1060 recepe-

113 1073 189 1096 runt
204 1066 384 1096 Brunckjus
399 1074 430 1096 et
449 1066 629 1097 Boissonad.

166 1123 215 1143 10.
242 1113 365 1143 Rabido
392 1113 515 1143 emend.
535 1113 688 1150 Clericus,

114 1160 230 1189 rustice
248 1159 320 1190 ideo
339 1171 355 1189 a
371 1161 543 1190 Burmann.
558 1162 690 1202 exagita-

114 1212 175 1235 tuS.
200 1223 246 1229 -—
269 1206 395 1246 Rapido
417 1214 494 1236 aestu
508 1230 516 1243 ,
542 1207 576 1237 h.
595 1207 688 1236 vehe-

115 1260 231 1290 mente,
246 1263 359 1294 magno
370 1276 378 1290 ‚
393 1254 467 1293 quia
491 1253 540 1283 sol
561 1254 690 1294 rapidus

114 1298 250 1337 dicitur,
272 1300 370 1330 ducto
393 1299 551 1330 vocabulo
576 1300 615 1329 ab
640 1302 688 1336 iis,

114 1346 170 1384 qui
183 1346 295 1386 rapido
311 1358 401 1376 cursu
415 1346 447 1376 h.
465 1358 579 1387 magno
597 1354 628 1376 et
643 1349 689 1376 in-

115 1392 210 1422 citato
225 1392 383 1429 feruntur,
403 1393 544 1433 adeoque
560 1393 690 1422 incales-

115 1445 203 1474 cunt,
218 1438 570 1475 fervent.Burmanm1S,
586 1440 642 1479 qui
657 1439 690 1470 h.

113 1484 134 1514 l.
153 1484 312 1514 Clericum
329 1486 482 1526 exagitat,
506 1486 574 1525 ipse
596 1486 689 1515 nimis

113 1538 221 1571 argute
234 1533 377 1571 exponit,
391 1539 512 1566 aescum,
535 1531 592 1570 qui
607 1532 691 1561 vires

114 1577 300 1606 messoribus
307 1577 400 1617 rapit.
412 1578 487 1607 Alio
495 1577 590 1607 inodo
596 1578 689 1617 flam-

113 1634 168 1652 ma
190 1623 284 1664 rapit,
304 1635 402 1664 rapax
417 1631 472 1654 est.
491 1642 535 1646 —
554 1616 600 1654 [ᾗ
623 1625 687 1654 Alii

112 1669 285 1709 serpillum,
300 1670 481 1710 serpullum,
498 1671 684 1711 seaepelc'um3

111 1716 167 1746 sed
195 1723 242 1746 est
270 1716 417 1759 ἕρπυλλον
436 1728 444 1753 ;
473 1717 560 1757 quod
590 1718 685 1748 latine

112 1762 317 1793 scribendum
352 1763 533 1804 serpullum.
563 1765 685 1794 Herbas

113 1810 244 1846 olentes,
261 1817 353 1839 ornat
368 1810 531 1851 epitheton
541 1821 558 1840 a
573 1818 685 1841 natura

112 1856 159 1884 rei
173 1856 317 1893 ductum,
332 1867 390 1886 nec
406 1855 528 1894 definit,
548 1857 628 1887 bene
645 1868 685 1888 an

113 1902 204 1939 male,
220 1902 316 1932 modo
333 1905 468 1944 graviter
481 1914 516 1932 ac
526 1903 626 1934 valde.
641 1906 686 1934 Si-

113 1948 187 1977 mile
202 1948 344 1978 edulium
361 1961 425 1979 esse
447 1949 574 1979 videtur
590 1960 688 1979 more-

114 2002 144 2023 to
171 2005 182 2023 .·
206 1995 294 2034 quod
318 1998 456 2025 carmine
486 1996 687 2036 descriptum.

112 2040 276 2070 habemus.
297 2041 390 2071 Allia
405 2052 487 2071 vero⁴
497 2042 686 2082 serpyllum-

113 2097 174 2127 que
186 2095 402 2117 memorantur
416 2088 687 2127 simpliciter,qm·a

113 2133 224 2163 talium
251 2133 418 2163 hominum
446 2135 479 2163 in
508 2134 570 2163 illis
597 2135 686 2164 terris

113 2180 318 2220 quotidianus
346 2180 436 2209 cibus
466 2187 575 2213 erant:
601 2190 684 2218 nam,

115 2225 202 2266 quod
218 2226 290 2258 ideo
312 2226 517 2258 manducasse
534 2228 632 2266 ajimt,
650 2234 687 2257 ut

747 603 853 635 odoris
868 604 1017 646 gravitate
1027 610 1186 644 serpentes
1197 610 1228 633 et
1237 615 1320 634 scor-

744 653 814 691 pios
824 652 968 692 fugarent
981 650 992 691 (
1006 661 1036 680 v.
1049 651 1128 680 Plin.
1140 651 1245 680 Valer.
1262 651 1319 687 IV,

746 698 785 735 37
803 720 811 733 ‚
836 704 866 726 et
892 698 997 727 Ursin.
1022 697 1056 725 in
1072 697 1159 737 Virg.
1186 696 1257 726 coll.
1284 697 1320 725 ad

742 743 774 773 h.
794 744 814 772 l.
833 744 856 782 ),
877 743 909 771 id
926 752 1012 777 vero,
1030 753 1069 770 ne
1085 742 1245 771 subtiliter
1260 753 1320 771 ma-

742 789 798 828 gis,
810 798 906 827 quam
919 799 991 817 vere
1007 787 1128 816 dictum
1144 789 1317 824 sitffereor.

745 834 922 873 Serpyllum
943 844 1007 863 esse
1025 841 1170 863 nostrum
1196 835 1318 873 Set-pol-

744 880 788 909 let
809 887 940 910 constat.
967 879 1030 909 vid.
1050 880 1133 910 Flor.
1151 880 1318 921 Virgilian.

743 937 776 966 p.
798 927 892 957 CLII.

793 983 843 1004 12.
871 973 1007 1002 Arbusta
1028 980 1183 1002 resonant
1205 972 1323 1002 cicadis

743 1030 876 1050 mecum.
895 1020 928 1049 h.
946 1030 995 1048 me
1012 1026 1167 1056 cantante,
1182 1020 1244 1048 illis
1257 1030 1321 1048 una

743 1066 959 1096 stridentibus.
976 1067 1056 1097 Nam
1072 1066 1115 1094 ita
1136 1076 1255 1094 mecum
1272 1076 1321 1094 ac-

745 1113 848 1153 cipere
879 1113 970 1151 jubet
991 1112 1071 1141 ratio
1098 1113 1298 1153 grammatica
1313 1134 1320 1148 ,

745 1170 840 1200 quam
865 1159 917 1188 hic
946 1158 1123 1188 illustrabo.
1150 1159 1207 1187 Ge.
1226 1159 1265 1194 I‚-
1279 1164 1316 1193 41

746 1208 944 1247 Ignarosque
960 1205 1028 1234 via?
1048 1216 1168 1234 mecum
1190 1204 1319 1233 misera-

745 1260 792 1282 tus
805 1260 944 1293 agrestes
956 1263 966 1280 .·
982 1262 1117 1287 mecum,
1132 1251 1187 1290 qui
1198 1261 1250 1280 eos
1261 1252 1318 1279 mi-

744 1310 831 1329 seror
846 1300 922 1339 ipse.
941 1299 998 1327 Ge.
1018 1299 1059 1334 ΙΙ,
1076 1298 1093 1325 8
1116 1304 1216 1326 musto
1230 1296 1317 1337 tinge

747 1356 826 1374 ηονο
845 1354 966 1374 mecum
985 1354 1087 1378 crura,
1109 1353 1251 1379 mecum,
1267 1343 1321 1382 qui

746 1393 853 1431 etipse
870 1391 969 1431 tingo,
987 1389 1074 1418 calco
1094 1399 1180 1418 uvas.
1198 1391 1267 1418 AEn.
1286 1390 1299 1417 1
1311 1412 1319 1425 ‚

748 1438 788 1475 67
797 1438 824 1466 5.
847 1437 912 1466 Sed
931 1447 1049 1477 magno
1067 1436 1182 1465 AEneae
1198 1445 1317 1463 mecum

747 1491 895 1513 teneatur
910 1493 1019 1512 amore
1037 1492 1044 1512 :
1062 1491 1187 1510 mecum
1199 1503 1207 1517 ‚
1224 1481 1320 1510 simul

744 1537 780 1559 ut
797 1540 854 1571 ego
874 1530 940 1567 ejus
960 1539 1064 1558 amore
1078 1535 1197 1557 teneor.
1206 1528 1320 1556 Memi-

743 1577 824 1606 nisse
850 1575 1004 1606 debebam
1030 1575 1098 1604 haec
1110 1597 1117 1609 ,
1149 1573 1187 1603 ad
1212 1574 1319 1602 locuni

742 1626 812 1653 AEn.
834 1624 890 1659 IV,
915 1623 976 1652 115
992 1620 1222 1662 expediendum
1236 1643 1243 1656 ,
1266 1620 1319 1648 uhi

741 1671 761 1700 J
765 1680 830 1699 uno
856 1669 895 1698 ad
920 1671 1101 1698 Venerem:
1120 1677 1241 1696 mecum
1260 1666 1321 1695 erit

740 1716 797 1745 iste
813 1715 923 1746 labor:
941 1716 1001 1744 erit
1013 1714 1072 1744 tibi
1085 1714 1176 1743 labor
1188 1711 1239 1740 hic
1258 1722 1320 1741 una

740 1773 886 1798 mecum3
904 1773 954 1791 me
979 1772 1044 1791 una
1070 1767 1175 1789 tecum
1202 1757 1319 1787 allabo-

739 1817 837 1839 rante.
851 1811 888 1838 In
898 1809 966 1838 aliis
973 1809 1050 1838 locis
1060 1817 1107 1836 res
1117 1811 1162 1834 est
1172 1806 1319 1844 apertior,

742 1863 779 1885 ut
791 1857 896 1885 statim
912 1855 969 1884 inf,
984 1865 1028 1883 vs.
1046 1854 1084 1882 31
1105 1853 1229 1881 Mecum
1254 1861 1318 1879 ιιιια

743 1902 776 1931 in
802 1901 886 1931 silvis
903 1900 1066 1930 imitabere
1082 1900 1177 1927 Pana
1199 1907 1319 1926 canen-

742 1949 783 1977 do
792 1960 805 1983 ;
819 1958 882 1977 una
896 1956 1035 1981 mecum,
1056 1946 1112 1984 qui
1126 1946 1191 1984 ipse
1201 1943 1318 1973 imitor.

742 1993 841 2034 Apud
857 1995 968 2023 Horat.
994 1992 1036 2021 sic
1051 1990 1166 2031 collige
1185 2000 1317 2019 mecum.

740 2039 861 2070 Eodem
875 2041 975 2080 igitur
992 2036 1088 2067 modo
1102 2036 1134 2066 h.
1151 2036 1172 2066 l.
1192 2036 1321 2065 arbusta

740 2093 894 2116 resonant
911 2084 1030 2115 cicadis
1045 2093 1167 2112 mecum
1177 2106 1185 2120 ,
1201 2093 1251 2112 me
1265 2092 1318 2111 ca-

740 2140 854 2171 nente;
877 2137 1024 2161 resonant
1045 2130 1170 2160 arbusta
1189 2136 1220 2158 et
1237 2129 1318 2157 cica—

741 2179 788 2208 dis
800 2178 1012 2220 strepentibus
1022 2184 1053 2206 et
1063 2187 1112 2206 me
1126 2187 1190 2205 una
1200 2185 1317 2205 canen—

740 2233 780 2257 te.
792 2243 837 2249 —-
856 2232 905 2261 14.
926 2224 1041 2255 Melius
1060 2222 1183 2256 Zulich.
1211 2233 1252 2253 ex
1268 2222 1317 2250 iu-
