1408 2428
532 97 702 127 ECLOGA
725 98 797 126 vn.
1215 108 1253 135 01

66 153 255 203 Adspicio.
274 152 341 188 Ille
357 151 424 188 ubi
439 164 497 188 me
514 161 645 188 contra
664 153 767 189 videt
785 167 791 188 z
813 154 947 199 Ocius,
965 154 1106 202 inquit,

66 215 150 250 Huc
167 213 272 258 ades,
290 225 312 248 o
328 211 523 259 Meliboee,
541 225 653 262 caper
669 213 739 249 tibi
755 214 898 259 salvus,
915 222 952 250 et
967 213 1086 260 haedi3

65 275 129 319 Et,
146 273 176 310 si
193 273 285 323 quid
301 285 444 309 cessare
460 281 566 322 potes
579 301 588 319 ,
605 274 797 323 requiesce
814 274 882 311 sub
900 274 1051 321 umbra,
1228 292 1255 305 10

65 334 150 369 Huc
166 333 237 382 ipsi
253 341 384 382 potum
400 333 551 370 venient
567 346 635 382 per
652 342 759 382 prata
771 335 939 383 juvenci3

64 392 136 428 Hic
151 392 281 428 viridis
298 401 425 430 tenera
440 393 614 442 praetexit
631 394 814 430 arundine
830 394 930 442 ripas

63 451 245 496 Mincius,
263 465 358 501 eque
374 465 480 488 sacra
498 461 671 488 resonant
687 452 858 489 examina
875 465 1029 501 quercu.

65 511 166 556 Quid
179 511 359 549 facerem?
370 526 491 561 neque
503 526 572 562 ego
583 513 766 562 Alcippen
775 541 784 558 ,
795 526 863 561 nec
874 512 1043 561 Phyllida
1055 511 1254 553 habebam,

62 572 248 620 Depulsos
264 585 285 609 a
299 573 394 609 lacte
411 573 514 609 domi
529 586 612 622 quae
629 574 821 610 clauderet
838 586 971 623 agnos,
1225 582 1253 605 15

63 632 109 667 Et
125 641 313 669 certamen
330 643 427 678 erat,
443 634 620 682 Corydon
638 647 722 670 cum
737 634 943 683 Thyrside,
961 646 1149 683 magnum.

62 692 267 729 Posthabui
285 702 407 729 tamen
423 693 573 730 illorum
589 707 672 731 mea
688 695 784 731 seria
799 694 902 730 ludo.

63 751 225 788 Alternis
240 753 355 801 igitur
371 752 599 788 contendere
614 754 786 789 versibus
804 752 915 788 ambo

63 813 218 861 Coepere
236 826 244 847 z
262 812 423 848 alternos
442 815 561 848 Musae
577 813 789 848 meminisse
805 811 993 847 volebant.

63 872 141 907 Hos
161 871 353 920 Corydon,
370 871 452 907 illos
468 871 656 907 referebat
672 871 711 906 in
728 871 860 907 ordino
875 870 1040 918 Thyrsis.

562 942 754 967 common.

63 989 264 1039 Nymphae,
280 998 407 1027 noster
424 1002 547 1036 amor,
564 990 824 1036 Libethrides,
842 998 905 1026 aut
923 988 1016 1026 mihi
1033 1002 1199 1033 carim-u,

63 1153 128 1193 ipse
143 1164 239 1193 caper
258 1153 471 1191 deerraverat,
490 1154 631 1195 adeoque

61 1208 91 1229 et
106 1199 190 1229 haedi
208 1206 355 1240 totusque
367 1212 460 1241 grex3
474 1201 548 1231 hinc
565 1213 631 1231 ver-

61 1257 98 1275 su
119 1257 138 1286 9
157 1257 254 1286 caper
271 1246 328 1276 tibi
348 1247 450 1276 salvus
478 1256 510 1277 et
534 1247 629 1278 lavdi.

62 1292 335 1322 Animadverterat
346 1303 409 1330 eos,
423 1300 454 1322 et
472 1295 505 1323 iu
524 1301 629 1323 tutum

60 1339 168 1368 locum
187 1339 383 1379 compulerat
398 1339 539 1380 Daphnis
552 1351 582 1369 v.
597 1351 627 1379 9.

61 1384 121 1414 Sed
135 1384 218 1414 idem
227 1385 398 1414 Meliboeus
414 1393 553 1415 armenta
565 1396 630 1424 pas-

61 1430 168 1467 cebat3
187 1430 303 1470 quibus
325 1430 509 1468 adjunctum
533 1431 631 1470 capel-

62 1477 163 1505 larum
178 1483 208 1505 et
223 1477 333 1505 ovium
345 1486 468 1517 gregem
484 1477 628 1507 habebat.

62 1522 144 1552 conf.
164 1523 252 1552 V.'11
275 1529 306 1551 et
329 1523 379 1552 15.
403 1540 449 1545 —
463 1533 513 1552 10.
525 1525 634 1552 Potest

59 1569 157 1608 fragm
173 1569 287 1597 Moret.
307 1568 391 1597 velis
405 1568 490 1598 Leid.
507 1575 538 1599 et
555 1579 629 1598 mox

60 1614 102 1644 id.
113 1613 269 1649 veniunt,
286 1613 373 1654 quod
385 1615 497 1654 placet.
517 1631 563 1636 —
578 1625 589 1643 1
598 1625 627 1643 2.

58 1661 199 1690 Mincius
216 1661 299 1689 enim
319 1670 385 1689 non
399 1661 492 1701 longe
512 1670 528 1689 a
541 1661 631 1689 Man-

59 1714 111 1735 tua
128 1706 234 1735 lacum
249 1704 347 1735 efficit
369 1713 401 1735 et
421 1707 573 1747 palustres
591 1708 629 1736 ri-

59 1763 112 1792 pas
126 1751 232 1783 habet.
249 1752 287 1782 cf.
308 1751 373 1782 Ecl.
394 1754 428 1787 Ι,
455 1750 522 1792 49‚''
534 1754 573 1782 52
598 1760 629 1783 et

59 1799 165 1828 Notas.
183 1798 240 1828 Ge.
257 1800 316 1833 ΙΙΙ,
342 1799 380 1827 13
405 1816 451 1821 —
468 1799 518 1829 15.
533 1800 576 1828 Ea
588 1799 628 1829 fa-

60 1845 106 1873 cie
118 1844 171 1873 ille
190 1854 207 1872 a
224 1845 340 1873 nostris
354 1853 482 1885 quoquc
493 1845 629 1876 homini-

60 1890 120 1918 bus
137 1889 335 1920 describitur.
350 1890 390 1920 cf.
406 1893 475 1921 AEn.
490 1893 532 1927 X,
547 1893 625 1930 205,

59 1946 151 1964 sacra
163 1946 303 1976 quercus.
319 1936 377 1965 Ge.
392 1937 434 1972 II,
457 1937 496 1966 16
512 1936 628 1968 lzabz'toe

62 1981 168 2011 Graiis
197 1981 326 2010 oracula
362 1992 502 2022 quercus.
532 1986 628 2013 Orna-

60 2034 164 2057 menta
178 2033 253 2056 sunt
265 2028 363 2067 petita
376 2038 416 2057 ex
428 2029 589 2058 Theocriti
600 2031 626 2065 I,

66 2073 139 2110 106,
160 2084 233 2112 1⁰7·
253 2073 336 2103 conf.
358 2073 424 2103 Ecl.
440 2075 473 2109 I,
503 2075 544 2110 54
560 2085 628 2115 sqq.

61 2120 142 2149 Mox
165 2127 325 2149 certamen
349 2130 408 2159 pro
425 2120 627 2152 certantibus.

43 2185 53 2193 .
62 2182 106 2187 —
116 2165 261 2195 Pertexit
272 2167 415 2195 Vossian.
434 2168 521 2207 prior
536 2177 543 2198 :
552 2178 627 2208 pro-

62 2210 144 2241 texit
158 2212 279 2242 Zulich.
298 2219 328 2241 et
341 2211 426 2242 Leid.
437 2231 483 2236 -
499 2224 511 2243 1
521 2214 548 2244 3.
562 2214 614 2244 Pie

685 1156 750 1184 rius
777 1161 928 1184 memorat
957 1164 971 1183 a
998 1155 1073 1183 viris
1091 1154 1250 1183 nonnulli«

684 1202 785 1232 doctis
801 1202 923 1230 recitari
945 1209 951 1229 ε
972 1211 1050 1240 eque
1063 1210 1151 1229 cava.

735 1248 784 1276 15.
813 1248 968 1286 Depulsos
993 1257 1013 1274 a
1039 1246 1120 1274 lacte
1139 1256 1251 1287 agnos,

683 1293 714 1324 h.
735 1293 930 1328 amau-ibus,
948 1303 977 1322 v.
998 1292 1064 1321 Ecl.
1081 1293 1105 1333 Ι,
1125 1302 1177 1320 22.
1194 1293 1252 1326 ΙΙΙ,

685 1341 739 1376 82,
757 1346 849 1379 atque
869 1338 944 1367 adeo
960 1336 1104 1366 infirmos
1123 1344 1153 1365 et
1170 1347 1253 1365 curae

683 1385 888 1425 diligentioris
898 1384 1161 1424 egentes.—Quoe
1170 1382 1255 1411 clau—

684 1431 772 1460 deret
786 1430 893 1459 lzoedos
909 1429 1025 1459 Medic.
1038 1436 1185 1468 pasceret
1197 1439 1252 1469 ag-

686 1487 752 1512 nos,
770 1476 878 1516 fragm.
898 1478 1014 1505 Moret.
1030 1491 1076 1496 --
1092 1485 1141 1512 19.
1152 1474 1253 1503 Alter-

685 1534 757 1557 νιος,
774 1523 874 1551 Musae
884 1544 892 1556 ‚
910 1519 1090 1549 meminisse
1102 1519 1252 1548 volebam

684 1568 799 1598 Medic.
824 1578 898 1596 cum
916 1568 1041 1607 Menag.
1061 1573 1091 1595 ct
1108 1575 1168 1605 pro
1186 1576 1250 1596 var.

683 1615 754 1644 lect.
772 1615 927 1644 inMoret.
938 1620 975 1642 ut
989 1614 1028 1642 sit
1042 1622 1151 1641 sensus
1163 1634 1170 1648 ‚
1187 1614 1251 1652 Op-

683 1661 799 1696 tabam,
811 1661 922 1696 ]Πιιςιε,
941 1658 1122 1688 meminisse
1141 1664 1199 1687 etc.
1215 1660 1252 1687 In

682 1707 804 1748 vulgari
818 1707 889 1736 lect.
906 1707 1012 1744 jejuna
1031 1712 1076 1734 est
1090 1706 1252 1741 sententia,

682 1755 747 1784 sive
770 1753 808 1782 ad
826 1753 906 1782 duos
923 1759 1062 1792 pastores
1085 1750 1252 1786 referatur,

682 1801 746 1830 sive
763 1800 801 1829 ad
814 1810 915 1829 unum
931 1797 1129 1831 Meliboeam,
1140 1802 1175 1825 ut
1188 1796 1253 1825 vul-

682 1857 722 1887 go
740 1847 904 1887 accipitur.

728 1903 781 1923 21.
812 1895 892 1932 Quae
922 1896 1099 1930 sequuntur
1112 1911 1122 1924 ,
1157 1899 1252 1928 parva

681 1946 757 1968 sunt
776 1939 913 1967 carmina
935 1942 1164 1976 quaternorum
1180 1945 1250 1964 ver-

683 1994 776 2013 suum
794 1983 806 2024 (
819 1982 986 2023 quacrczins
1015 1981 1132 2010 dixeris
1145 1980 1156 2022 )
1169 2003 1176 2018 ,
1202 1982 1251 2010 sui

683 2039 718 2058 ac
734 2030 849 2059 diversi
866 2029 988 2070 singula
1004 2027 1251 2069 argumenti.Li-

682 2075 805 2105 betlzrus
829 2075 900 2105 fons
926 2082 972 2104 est
995 2085 1069 2104 cum
1102 2080 1191 2104 antro
1217 2075 1251 2102 in

682 2122 844 2152 Helieone.
867 2133 897 2152 V.
921 2121 1032 2152 Strabo
1056 2122 1122 2158 IX,
1135 2131 1167 2160 p.
1185 2120 1250 2159 629

682 2169 722 2198 A.
750 2167 783 2198 τὸ
810 2170 869 2197 τῶν
894 2163 1102 2209 Λειὲηθρίδων
1126 2167 1250 2207 νυμφῶν

682 2212 807 2257 ἅντρον;
825 2214 919 2251 alius,
934 2215 1022 2254 isque
1038 2213 1208 2253 antiquior,
1219 2212 1253 2242 iu
