1408 2428
530 68 698 98 ECLOGA
721 69 810 97 vm.
1216 80 1258 108 99

82 132 136 160 tias
151 137 353 169 veteremque
368 127 549 168 opinionem
561 149 569 164 ,
587 137 648 167 qua
670 126 708 156 ad
723 127 929 157 Octavianum
951 137 1075 157 carmen
1091 127 1153 157 hoc
1172 138 1260 168 spec-

81 192 144 214 tare
159 191 365 220 memoratur,
383 192 513 222 operose
525 181 639 211 refellit
651 183 822 212 Burmann.
838 182 876 211 ad
890 193 919 213 v,
934 183 965 213 6.

128 238 428 277 [Pfflmmcrcmu
451 243 555 265 autem
570 235 770 272 inscribitur,
788 235 821 264 id
838 243 898 274 est,
912 235 1058 279 venefica
1070 246 1080 264 .·
1098 234 1259 278 φάρμακον

80 292 164 320 enim
180 302 243 321 vox
259 291 402 333 ambigua
416 298 476 327 est,
491 301 561 330 quae
574 290 668 319 modo
685 291 873 327 remedium,
891 301 1047 320 venenum
1061 290 1156 320 modo
1171 290 1263 332 signi-

82 344 170 382 ficat3
187 346 269 376 unde
283 343 462 388 φαρμακεῦς
480 344 657 387 veneficus,
678 352 708 375 et
727 343 963 388 φαρμακεύτριοι
981 344 1157 383 venefica]

365 632 547 666 DAMON
557 658 566 674 ,
596 631 979 666 ALPHESIBOEUS.

136 734 334 766 PAsronmi
352 733 499 767 Musam
516 732 695 768 Damonis
713 740 749 767 et
766 731 1015 780 Alphesiboei,

84 794 284 826 Immemor
301 789 504 826 herbarum
521 803 614 838 quos
632 799 686 826 est
704 792 836 826 mirata
848 791 1009 839 juvenca

83 851 284 894 Certantis,
301 861 462 898 quorum
479 850 696 898 stupefactae
714 850 877 885 carmine
894 849 1037 897 lynces,

82 912 128 945 Et
144 917 285 945 mutata
303 921 389 945 suos
406 909 625 958 requierunt
642 909 795 946 flumina
815 923 964 955 cursus3

81 968 257 1005 Damonis
274 971 421 1006 Musam
439 969 604 1005 dicemus
623 979 659 1006 et
676 969 918 1020 Alphesiboei.
1254 977 1266 999 5

82 1029 140 1062 Tu
156 1027 260 1076 mihi,
278 1041 343 1065 seu
359 1029 483 1078 magni
500 1041 652 1078 superas
667 1030 743 1081 jam
761 1042 849 1066 saxa
868 1027 1032 1071 Timavi,

132 1168 143 1186 1
155 1158 238 1188 —5.
255 1159 373 1189 Mansit
386 1161 448 1192 hoc
467 1173 506 1192 ex
528 1164 647 1202 prisco-

80 1213 151 1232 rum
169 1203 335 1235 hominum
359 1217 502 1238 sermone
522 1210 556 1237 in
578 1220 647 1249 pas-

81 1249 178 1278 toritii
203 1251 347 1281 carminis
371 1255 586 1295 simplicitate,
612 1262 649 1284 ut

80 1300 190 1323 cantus
209 1299 418 1335 praestantiam
442 1302 484 1330 ita
511 1300 647 1330 declara-

80 1345 151 1390 rent
170 1348 289 1380 poetae,
317 1351 354 1373 ut
374 1346 526 1385 pecudes,
553 1347 646 1383 ferm,

81 1390 112 1412 et
131 1387 300 1416 inanimata
321 1399 358 1418 eo
379 1392 500 1420 moveri
521 1398 574 1420 aut
594 1391 647 1421 de-

81 1429 191 1459 lectam'
210 1431 360 1464 dicerent.
380 1453 424 1458 —
445 1438 475 1466 3.
495 1437 650 1466 Carmina

83 1475 166 1505 Laid.
186 1487 247 1508 sec.
264 1479 394 1511 Mentel.
416 1492 464 1521 pr.
485 1488 516 1511 et
534 1491 550 1510 a
566 1492 647 1513 man.

82 1530 129 1560 pr.
140 1523 297 1562 Reg.--4.
308 1525 452 1556 Flumina
465 1528 650 1567 requierunt

83 1573 207 1596 mutata
223 1579 294 1598 suos
318 1582 436 1609 cursus,
459 1583 558 1614 graece
573 1585 648 1613 pro,

83 1618 203 1642 mutato
218 1625 276 1644 suo
292 1626 386 1646 cursu
398 1640 405 1654 ,
419 1618 451 1648 h.
462 1619 483 1648 1.
501 1619 647 1650 inhibito.

84 1659 282 1699 Quamquam
300 1684 308 1699 ,
347 1664 540 1703 requiescere
576 1676 648 1694 eum

84 1713 157 1732 casu
180 1713 292 1745 quarto
310 1718 540 1750 nonnunquam
558 1712 650 1752 jungi

85 1747 194 1779 docuit
211 1753 275 1790 jam
296 1755 431 1785 Servius.
451 1757 540 1794 Ciris,
562 1758 647 1787 233:

88 1795 156 1833 Quo
178 1798 308 1837 rapidos
332 1800 429 1831 eciam
452 1803 652 1842 requiescunt

82 1839 219 1876 flumina
234 1855 346 1876 cursus.
367 1847 516 1887 Calpurn.
526 1849 591 1880 Ecl.
601 1851 632 1878 II
640 1871 648 1886 ,

92 1895 103 1913 1
112 1886 130 1914 5
146 1887 190 1915 ita
203 1893 354 1928 expressit
364 1915 372 1929 ‚
384 1895 427 1922 Ec
441 1901 567 1924 tenuere
580 1905 650 1923 suos

82 1935 289 1970 properantia
307 1936 446 1975 flumina
465 1950 579 1969 cursus.
603 1957 649 1962 —-

88 1979 213 2015 Lyncus
225 1991 301 2011 vero
312 1983 392 2012 nolis
406 1985 441 2013 'm
450 1985 503 2014 tali
513 1987 648 2015 carmine

87 2033 152 2052 esse
161 2034 344 2057 memoratas
352 2051 360 2065 ‚
371 2030 458 2069 quod
467 2030 505 2059 ad
515 2032 649 2063 Siciliam

47 2069 51 2072 “
88 2071 234 2109 pertinet.
254 2090 300 2095 --
316 2075 360 2104 Ec
377 2075 493 2105 mirata
514 2088 584 2106 suos
601 2077 649 2107 ed.

89 2117 168 2146 Ven.
193 2118 280 2157 quod
301 2130 372 2151 sane
394 2121 516 2161 placere
539 2130 651 2164 potest.

45 2183 55 2191 .
88 2165 476 2203 —L1·q11emntn0nnulli.

749 1163 768 1191 6
778 1171 839 1190 —1
850 1162 878 1190 3.
888 1159 999 1190 Asinio
1010 1157 1160 1193 Pollioni,
1174 1167 1189 1185 a
1205 1167 1268 1196 quo

698 1209 804 1246 jussus
839 1213 904 1236 erat
933 1214 1058 1234 carmen
1086 1203 1268 1231 bucolicum

703 1253 857 1289 condere,
881 1251 1030 1290 Eclogam
1053 1248 1134 1278 hanc
1158 1249 1268 1277 inscri-

702 1300 748 1328 bit
764 1309 770 1329 :
787 1298 948 1338 pollicitus
961 1294 1128 1334 aliquando
1143 1304 1268 1323 carmen

702 1345 800 1381 majus
812 1367 820 1379 ,
840 1353 904 1382 qno
919 1343 986 1379 ejus
1000 1340 1108 1369 laudes
1126 1350 1269 1379 compre-

701 1389 817 1419 hendat
842 1398 849 1418 :
877 1398 948 1428 quae
979 1386 1113 1426 duplicis
1149 1386 1269 1426 generis

701 1442 776 1465 sunt
787 1457 795 1471 ,
810 1441 841 1464 et
853 1443 958 1463 rerum
971 1439 1126 1473 gestarum
1140 1443 1171 1461 v.
1191 1431 1207 1459 8
1218 1453 1226 1467 ,
1240 1438 1270 1459 et

701 1481 820 1522 ingenii
849 1488 1044 1520 operumque
1070 1478 1269 1517 poeticorum

703 1538 722 1567 9
735 1550 743 1564 ,
777 1537 827 1556 10.
847 1524 943 1565 Quod
970 1533 1088 1553 nomen
1115 1523 1267 1553 Pollionis

703 1573 894 1612 adscriptum
920 1580 987 1599 non
1016 1575 1061 1598 est
1075 1591 1083 1605 ‚
1111 1569 1191 1598 forte
1224 1569 1267 1596 sic

703 1628 832 1649 excuses
844 1640 852 1653 ‚
868 1616 954 1656 quod
967 1616 1002 1644 in
1014 1614 1117 1644 fronte
1133 1614 1268 1643 volumi-

702 1666 752 1695 nis
770 1663 850 1693 illud
864 1662 1056 1701 adscriptum
1077 1667 1151 1690 erat.
1169 1662 1269 1688 Inter-

701 1710 879 1751 pungebam
893 1709 969 1738 olim
984 1717 1057 1735 cum
1072 1706 1139 1735 aliis
1155 1707 1182 1734 T
1181 1716 1199 1733 u
1214 1704 1269 1733 mi-

702 1756 751 1792 hi,
773 1762 803 1785 et
820 1754 1011 1794 accipiebam
1027 1751 1163 1786 dictum,
1191 1760 1226 1779 ac
1241 1751 1267 1779 si

702 1803 853 1832 voluisset
875 1800 1065 1838 subjungere
1095 1796 1189 1831 adm,-
1213 1795 1267 1825 sed

702 1847 847 1877 desiderii
856 1852 933 1875 aestu
946 1855 1009 1873 esse
1019 1844 1079 1872 alio
1089 1842 1266 1881 abreptum.

702 1892 798 1933 Quod
816 1900 919 1921 tamen
933 1901 999 1919 non
1014 1899 1153 1924 necesse,
1170 1897 1267 1927 quar.-

702 1937 872 1977 doqujdem
899 1935 978 1965 mihi
998 1945 1079 1975 saepe
1100 1936 1143 1963 sie
1168 1935 1266 1963 otiose

701 1983 925 2023 interponitur.
943 1982 1090 2010 Ceterum
1111 1987 1202 2020 poeta
1217 1981 1266 2008 in-

704 2036 830 2069 ceptum
860 2037 1034 2057 sermonem
1062 2027 1174 2056 deserit
1189 2049 1197 2060 ‚
1237 2032 1267 2054 et

703 2075 878 2115 interponit
894 2073 1046 2103 ἐνθευσιῶν
1060 2073 1114 2103 illa
1129 2083 1136 2103 ;
1154 2084 1193 2102 en
1211 2071 1271 2101 erit

706 2131 846 2162 unquam
869 2138 914 2142 -—
932 2119 986 2149 ille
1003 2119 1081 2150 dies.
1101 2118 1269 2160 Jungenda

708 2167 784 2197 adeo
805 2177 812 2198 3
843 2169 885 2197 Tu
905 2165 984 2195 mihi
1001 2184 1045 2189 ——
1064 2165 1172 2206 accipe
1201 2164 1267 2205 jasa
