<?xml version="1.0" encoding="UTF-8"?>
<!DOCTYPE html PUBLIC "-//W3C//DTD XHTML 1.0 Transitional//EN"
    "http://www.w3.org/TR/xhtml1/DTD/xhtml1-transitional.dtd">
<html xmlns="http://www.w3.org/1999/xhtml" xml:lang="en" lang="en">
 <head>
  <title>
</title>
<meta http-equiv="Content-Type" content="text/html;charset=utf-8" />
  <meta name='ocr-system' content='tesseract 3.04.00' />
  <meta name='ocr-capabilities' content='ocr_page ocr_carea ocr_par ocr_line ocrx_word'/>
</head>
<body>
  <div class='ocr_page' id='page_1' title='image "./operahey01virguoft_0087.png"; bbox 0 0 1408 2428; ppageno 0'>
   <div class='ocr_carea' id='block_1_1' title="bbox 61 112 1295 581">
    <p class='ocr_par' dir='ltr' id='par_1_1' title="bbox 61 112 1295 581">
     <span class='ocr_line' id='line_1_1' title="bbox 574 112 1295 141; baseline 0.001 -1"><span class='ocrx_word' id='word_1_1' title='bbox 574 112 742 141; x_wconf 71' lang='lat' dir='ltr'>ECLOGA</span> <span class='ocrx_word' id='word_1_2' title='bbox 768 113 822 141; x_wconf 62' lang='lat' dir='ltr'>lv.</span> <span class='ocrx_word' id='word_1_3' title='bbox 1258 113 1295 141; x_wconf 73' lang='lat'>53</span> 
     </span>
     <span class='ocr_line' id='line_1_2' title="bbox 102 168 938 215; baseline -0.001 -9"><span class='ocrx_word' id='word_1_4' title='bbox 102 170 207 207; x_wconf 83' lang='lat' dir='ltr'>Talia</span> <span class='ocrx_word' id='word_1_5' title='bbox 226 168 345 215; x_wconf 76' lang='lat' dir='ltr'>saecla,</span> <span class='ocrx_word' id='word_1_6' title='bbox 369 168 445 205; x_wconf 85' lang='lat' dir='ltr'>suis</span> <span class='ocrx_word' id='word_1_7' title='bbox 469 168 659 214; x_wconf 81' lang='lat' dir='ltr'>dixerunt,</span> <span class='ocrx_word' id='word_1_8' title='bbox 677 169 830 214; x_wconf 82' lang='lat' dir='ltr'>currite,</span> <span class='ocrx_word' id='word_1_9' title='bbox 848 169 938 205; x_wconf 84' lang='lat' dir='ltr'>susis</span> 
     </span>
     <span class='ocr_line' id='line_1_3' title="bbox 103 228 982 267; baseline -0.001 -1"><span class='ocrx_word' id='word_1_10' title='bbox 103 230 319 267; x_wconf 82' lang='lat' dir='ltr'>Concordes</span> <span class='ocrx_word' id='word_1_11' title='bbox 340 228 465 266; x_wconf 84' lang='lat' dir='ltr'>stabili</span> <span class='ocrx_word' id='word_1_12' title='bbox 484 229 649 266; x_wconf 81' lang='lat' dir='ltr'>fatorum</span> <span class='ocrx_word' id='word_1_13' title='bbox 668 230 824 266; x_wconf 84' lang='lat' dir='ltr'>numine</span> <span class='ocrx_word' id='word_1_14' title='bbox 845 232 982 266; x_wconf 80' lang='lat' dir='ltr'>Parcae.</span> 
     </span>
     <span class='ocr_line' id='line_1_4' title="bbox 102 288 1183 340; baseline -0.002 -14"><span class='ocrx_word' id='word_1_15' title='bbox 102 290 321 339; x_wconf 73' lang='lat' dir='ltr'><strong>Adgredere</strong></span> <span class='ocrx_word' id='word_1_16' title='bbox 343 303 365 325; x_wconf 93' lang='lat' dir='ltr'>o</span> <span class='ocrx_word' id='word_1_17' title='bbox 387 302 540 340; x_wconf 83' lang='lat' dir='ltr'>magnos</span> <span class='ocrx_word' id='word_1_18' title='bbox 558 290 701 340; x_wconf 81' lang='lat' dir='ltr'>(aderit</span> <span class='ocrx_word' id='word_1_19' title='bbox 718 291 795 340; x_wconf 76' lang='lat' dir='ltr'>jain</span> <span class='ocrx_word' id='word_1_20' title='bbox 813 299 960 339; x_wconf 84' lang='lat' dir='ltr'>tempus</span> <span class='ocrx_word' id='word_1_21' title='bbox 976 288 990 339; x_wconf 83' lang='lat'>)</span> <span class='ocrx_word' id='word_1_22' title='bbox 1006 288 1183 334; x_wconf 81' lang='lat' dir='ltr'>honores,</span> 
     </span>
     <span class='ocr_line' id='line_1_5' title="bbox 104 350 1139 400; baseline -0.001 -14"><span class='ocrx_word' id='word_1_23' title='bbox 104 353 199 387; x_wconf 84' lang='lat' dir='ltr'>Cara</span> <span class='ocrx_word' id='word_1_24' title='bbox 216 351 329 388; x_wconf 89' lang='lat' dir='ltr'>deum</span> <span class='ocrx_word' id='word_1_25' title='bbox 345 350 505 396; x_wconf 80' lang='lat' dir='ltr'>soboles,</span> <span class='ocrx_word' id='word_1_26' title='bbox 523 364 700 400; x_wconf 80' lang='lat' dir='ltr'>magnum</span> <span class='ocrx_word' id='word_1_27' title='bbox 721 355 739 388; x_wconf 93' lang='lat' dir='ltr'>J</span> <span class='ocrx_word' id='word_1_28' title='bbox 745 351 825 387; x_wconf 79' lang='lat' dir='ltr'>ovis</span> <span class='ocrx_word' id='word_1_29' title='bbox 842 351 1115 386; x_wconf 81' lang='lat' dir='ltr'>incrementum</span> <span class='ocrx_word' id='word_1_30' title='bbox 1133 353 1139 385; x_wconf 72' lang='lat'>1</span> 
     </span>
     <span class='ocr_line' id='line_1_6' title="bbox 102 410 1100 461; baseline -0.001 -15"><span class='ocrx_word' id='word_1_31' title='bbox 102 410 265 460; x_wconf 83' lang='lat' dir='ltr'>Adspice</span> <span class='ocrx_word' id='word_1_32' title='bbox 288 423 457 448; x_wconf 80' lang='lat' dir='ltr'>convexo</span> <span class='ocrx_word' id='word_1_33' title='bbox 481 421 675 449; x_wconf 82' lang='lat' dir='ltr'>nutantem</span> <span class='ocrx_word' id='word_1_34' title='bbox 699 412 869 461; x_wconf 86' lang='lat' dir='ltr'>pondere</span> <span class='ocrx_word' id='word_1_35' title='bbox 890 410 1100 455; x_wconf 81' lang='lat' dir='ltr'>mundum3</span> 
     </span>
     <span class='ocr_line' id='line_1_7' title="bbox 61 470 1200 522; baseline -0.003 -13"><span class='ocrx_word' id='word_1_36' title='bbox 61 470 72 475; x_wconf 27' lang='grc' dir='ltr'><strong><em>ἶ</em></strong></span> <span class='ocrx_word' id='word_1_37' title='bbox 102 476 326 522; x_wconf 82' lang='lat' dir='ltr'>Terrasque‚</span> <span class='ocrx_word' id='word_1_38' title='bbox 343 482 560 522; x_wconf 84' lang='lat' dir='ltr'>tractusque</span> <span class='ocrx_word' id='word_1_39' title='bbox 576 473 700 519; x_wconf 83' lang='lat' dir='ltr'>maris,</span> <span class='ocrx_word' id='word_1_40' title='bbox 719 473 929 521; x_wconf 82' lang='lat' dir='ltr'>coelumque</span> <span class='ocrx_word' id='word_1_41' title='bbox 950 471 1200 520; x_wconf 77' lang='lat' dir='ltr'>profundum3</span> 
     </span>
     <span class='ocr_line' id='line_1_8' title="bbox 101 532 1006 581; baseline -0.002 -13"><span class='ocrx_word' id='word_1_42' title='bbox 101 532 279 581; x_wconf 85' lang='lat' dir='ltr'>Adspice,</span> <span class='ocrx_word' id='word_1_43' title='bbox 299 542 461 569; x_wconf 79' lang='lat' dir='ltr'>venturo</span> <span class='ocrx_word' id='word_1_44' title='bbox 483 533 658 570; x_wconf 76' lang='lat' dir='ltr'>laetantur</span> <span class='ocrx_word' id='word_1_45' title='bbox 676 543 717 570; x_wconf 88' lang='lat' dir='ltr'>ut</span> <span class='ocrx_word' id='word_1_46' title='bbox 739 533 865 569; x_wconf 83' lang='lat' dir='ltr'>omnia</span> <span class='ocrx_word' id='word_1_47' title='bbox 886 532 1006 568; x_wconf 84' lang='lat' dir='ltr'>saeclo.</span> 
     </span>
    </p>
   </div>
   <div class='ocr_carea' id='block_1_2' title="bbox 59 625 680 2283">
    <p class='ocr_par' dir='ltr' id='par_1_2' title="bbox 98 625 674 1026">
     <span class='ocr_line' id='line_1_9' title="bbox 99 625 670 666; baseline 0.004 -12"><span class='ocrx_word' id='word_1_48' title='bbox 99 625 372 666; x_wconf 59' lang='lat' dir='ltr'>dyL—Fucabit‚</span> <span class='ocrx_word' id='word_1_49' title='bbox 392 627 474 664; x_wconf 89' lang='lat' dir='ltr'>conj.</span> <span class='ocrx_word' id='word_1_50' title='bbox 490 628 541 656; x_wconf 86' lang='lat' dir='ltr'>J0.</span> <span class='ocrx_word' id='word_1_51' title='bbox 559 626 670 656; x_wconf 80' lang='lat' dir='ltr'>Schra-</span> 
     </span>
     <span class='ocr_line' id='line_1_10' title="bbox 99 671 671 712; baseline 0.003 -12"><span class='ocrx_word' id='word_1_52' title='bbox 99 671 173 709; x_wconf 82' lang='lat' dir='ltr'>der,</span> <span class='ocrx_word' id='word_1_53' title='bbox 202 679 239 702; x_wconf 89' lang='lat' dir='ltr'>ut</span> <span class='ocrx_word' id='word_1_54' title='bbox 267 674 381 712; x_wconf 83' lang='lat' dir='ltr'>Georg.</span> <span class='ocrx_word' id='word_1_55' title='bbox 411 673 441 700; x_wconf 91' lang='lat' dir='ltr'>II</span> <span class='ocrx_word' id='word_1_56' title='bbox 458 695 466 709; x_wconf 88' lang='lat'><strong><em>,</em></strong></span> <span class='ocrx_word' id='word_1_57' title='bbox 497 673 572 708; x_wconf 76' lang='lat'>465.</span> <span class='ocrx_word' id='word_1_58' title='bbox 606 675 650 702; x_wconf 92' lang='lat' dir='ltr'>IV</span> <span class='ocrx_word' id='word_1_59' title='bbox 663 696 671 710; x_wconf 85' lang='lat'>,</span> 
     </span>
     <span class='ocr_line' id='line_1_11' title="bbox 102 719 672 756; baseline 0.002 -9"><span class='ocrx_word' id='word_1_60' title='bbox 102 719 178 748; x_wconf 79' lang='lat'>335.</span> <span class='ocrx_word' id='word_1_61' title='bbox 201 736 248 740; x_wconf 82' lang='lat'>—</span> <span class='ocrx_word' id='word_1_62' title='bbox 273 719 325 754; x_wconf 75' lang='grc'>45.</span> <span class='ocrx_word' id='word_1_63' title='bbox 353 719 531 747; x_wconf 72' lang='lat' dir='ltr'>Nascentes</span> <span class='ocrx_word' id='word_1_64' title='bbox 566 720 672 756; x_wconf 85' lang='lat' dir='ltr'>conje-</span> 
     </span>
     <span class='ocr_line' id='line_1_12' title="bbox 100 763 672 802; baseline 0 -9"><span class='ocrx_word' id='word_1_65' title='bbox 100 771 183 794; x_wconf 82' lang='lat' dir='ltr'>cerat</span> <span class='ocrx_word' id='word_1_66' title='bbox 194 765 354 794; x_wconf 85' lang='lat' dir='ltr'>Bentleius</span> <span class='ocrx_word' id='word_1_67' title='bbox 363 788 370 802; x_wconf 80' lang='lat'>‚</span> <span class='ocrx_word' id='word_1_68' title='bbox 388 763 470 794; x_wconf 79' lang='lat' dir='ltr'>Bibl.</span> <span class='ocrx_word' id='word_1_69' title='bbox 486 765 635 794; x_wconf 79' lang='lat' dir='ltr'>Brz&#39;cann.</span> <span class='ocrx_word' id='word_1_70' title='bbox 648 767 672 802; x_wconf 84' lang='grc' dir='ltr'>Ι,</span> 
     </span>
     <span class='ocr_line' id='line_1_13' title="bbox 98 811 674 851; baseline -0.002 -11"><span class='ocrx_word' id='word_1_71' title='bbox 98 822 167 851; x_wconf 85' lang='lat' dir='ltr'>pag.</span> <span class='ocrx_word' id='word_1_72' title='bbox 202 812 263 840; x_wconf 85' lang='lat'>186</span> <span class='ocrx_word' id='word_1_73' title='bbox 284 822 291 847; x_wconf 88' lang='lat'>;</span> <span class='ocrx_word' id='word_1_74' title='bbox 324 818 354 840; x_wconf 86' lang='lat' dir='ltr'>at</span> <span class='ocrx_word' id='word_1_75' title='bbox 387 811 576 839; x_wconf 77' lang='lat' dir='ltr'>servandum</span> <span class='ocrx_word' id='word_1_76' title='bbox 607 821 674 839; x_wconf 87' lang='lat' dir='ltr'>om-</span> 
     </span>
     <span class='ocr_line' id='line_1_14' title="bbox 99 856 674 897; baseline -0.002 -12"><span class='ocrx_word' id='word_1_77' title='bbox 99 859 359 897; x_wconf 74' lang='lat' dir='ltr'>ninopascentes,</span> <span class='ocrx_word' id='word_1_78' title='bbox 379 856 410 885; x_wconf 86' lang='lat' dir='ltr'>id</span> <span class='ocrx_word' id='word_1_79' title='bbox 428 863 483 892; x_wconf 88' lang='lat' dir='ltr'>est,</span> <span class='ocrx_word' id='word_1_80' title='bbox 504 857 674 896; x_wconf 82' lang='lat' dir='ltr'>expositos,</span> 
     </span>
     <span class='ocr_line' id='line_1_15' title="bbox 98 902 674 943; baseline 0 -12"><span class='ocrx_word' id='word_1_81' title='bbox 98 903 176 933; x_wconf 88' lang='lat' dir='ltr'>dum</span> <span class='ocrx_word' id='word_1_82' title='bbox 203 909 377 943; x_wconf 78' lang='lat' dir='ltr'>pascerent</span> <span class='ocrx_word' id='word_1_83' title='bbox 390 926 399 938; x_wconf 91' lang='lat'><em>,</em></span> <span class='ocrx_word' id='word_1_84' title='bbox 433 902 507 931; x_wconf 87' lang='lat' dir='ltr'>solis</span> <span class='ocrx_word' id='word_1_85' title='bbox 538 903 674 940; x_wconf 85' lang='lat' dir='ltr'>lumini,</span> 
     </span>
     <span class='ocr_line' id='line_1_16' title="bbox 98 948 673 988; baseline 0 -9"><span class='ocrx_word' id='word_1_86' title='bbox 98 951 189 988; x_wconf 84' lang='lat' dir='ltr'>cujus</span> <span class='ocrx_word' id='word_1_87' title='bbox 205 955 289 979; x_wconf 80' lang='lat' dir='ltr'>tanta</span> <span class='ocrx_word' id='word_1_88' title='bbox 304 950 351 978; x_wconf 78' lang='lat' dir='ltr'>vis</span> <span class='ocrx_word' id='word_1_89' title='bbox 366 950 400 978; x_wconf 90' lang='lat' dir='ltr'>in</span> <span class='ocrx_word' id='word_1_90' title='bbox 414 948 510 978; x_wconf 86' lang='lat' dir='ltr'>rebus</span> <span class='ocrx_word' id='word_1_91' title='bbox 528 949 673 979; x_wconf 85' lang='lat' dir='ltr'>coloran-</span> 
     </span>
     <span class='ocr_line' id='line_1_17' title="bbox 99 995 156 1026; baseline 0.018 -1"><span class='ocrx_word' id='word_1_92' title='bbox 99 995 156 1026; x_wconf 89' lang='lat' dir='ltr'>dis.</span> 
     </span>
    </p>

    <p class='ocr_par' dir='ltr' id='par_1_3' title="bbox 59 1041 680 2283">
     <span class='ocr_line' id='line_1_18' title="bbox 147 1041 672 1080; baseline 0 -8"><span class='ocrx_word' id='word_1_93' title='bbox 147 1043 199 1078; x_wconf 79' lang='grc'>46.</span> <span class='ocrx_word' id='word_1_94' title='bbox 220 1048 272 1080; x_wconf 77' lang='grc'>47.</span> <span class='ocrx_word' id='word_1_95' title='bbox 284 1042 359 1072; x_wconf 84' lang='lat' dir='ltr'>Tale</span> <span class='ocrx_word' id='word_1_96' title='bbox 374 1042 527 1071; x_wconf 72' lang='lat' dir='ltr'>saeculum</span> <span class='ocrx_word' id='word_1_97' title='bbox 541 1041 604 1071; x_wconf 86' lang='lat' dir='ltr'>fato</span> <span class='ocrx_word' id='word_1_98' title='bbox 620 1042 672 1072; x_wconf 86' lang='lat' dir='ltr'>de-</span> 
     </span>
     <span class='ocr_line' id='line_1_19' title="bbox 99 1089 673 1119; baseline 0.002 -1"><span class='ocrx_word' id='word_1_99' title='bbox 99 1095 219 1118; x_wconf 88' lang='lat' dir='ltr'>cretum</span> <span class='ocrx_word' id='word_1_100' title='bbox 252 1089 409 1119; x_wconf 84' lang='lat' dir='ltr'>succedet.</span> <span class='ocrx_word' id='word_1_101' title='bbox 438 1090 508 1118; x_wconf 80' lang='lat'>1100</span> <span class='ocrx_word' id='word_1_102' title='bbox 530 1096 639 1118; x_wconf 79' lang='lat' dir='ltr'>ornate</span> <span class='ocrx_word' id='word_1_103' title='bbox 666 1099 673 1119; x_wconf 92' lang='lat'><strong>:</strong></span> 
     </span>
     <span class='ocr_line' id='line_1_20' title="bbox 98 1135 676 1167; baseline 0 -3"><span class='ocrx_word' id='word_1_104' title='bbox 98 1137 259 1167; x_wconf 84' lang='lat' dir='ltr'>Dixerunt</span> <span class='ocrx_word' id='word_1_105' title='bbox 286 1137 389 1166; x_wconf 72' lang='lat' dir='ltr'>Parcae</span> <span class='ocrx_word' id='word_1_106' title='bbox 421 1136 484 1164; x_wconf 86' lang='lat' dir='ltr'>suis</span> <span class='ocrx_word' id='word_1_107' title='bbox 514 1135 590 1164; x_wconf 84' lang='lat' dir='ltr'>fusis</span> <span class='ocrx_word' id='word_1_108' title='bbox 615 1145 622 1165; x_wconf 93' lang='lat'><strong>:</strong></span> <span class='ocrx_word' id='word_1_109' title='bbox 649 1137 676 1164; x_wconf 85' lang='grc' dir='ltr'><em>Ο</em></span> 
     </span>
     <span class='ocr_line' id='line_1_21' title="bbox 99 1181 674 1222; baseline 0.002 -12"><span class='ocrx_word' id='word_1_110' title='bbox 99 1181 181 1211; x_wconf 76' lang='lat' dir='ltr'>talia</span> <span class='ocrx_word' id='word_1_111' title='bbox 196 1181 301 1217; x_wconf 80' lang='lat' dir='ltr'>saecla,</span> <span class='ocrx_word' id='word_1_112' title='bbox 319 1182 447 1211; x_wconf 81' lang='lat' dir='ltr'>currite!</span> <span class='ocrx_word' id='word_1_113' title='bbox 462 1192 521 1222; x_wconf 87' lang='lat' dir='ltr'>pro</span> <span class='ocrx_word' id='word_1_114' title='bbox 534 1182 674 1222; x_wconf 72' lang='lat' dir='ltr'>vulgari:</span> 
     </span>
     <span class='ocr_line' id='line_1_22' title="bbox 100 1227 676 1259; baseline 0.002 -2"><span class='ocrx_word' id='word_1_115' title='bbox 100 1239 119 1257; x_wconf 93' lang='lat' dir='ltr'>o</span> <span class='ocrx_word' id='word_1_116' title='bbox 141 1227 203 1258; x_wconf 85' lang='lat' dir='ltr'>fila.</span> <span class='ocrx_word' id='word_1_117' title='bbox 224 1230 284 1258; x_wconf 93' lang='lat' dir='ltr'>Pro</span> <span class='ocrx_word' id='word_1_118' title='bbox 309 1228 365 1258; x_wconf 84' lang='lat' dir='ltr'>filo</span> <span class='ocrx_word' id='word_1_119' title='bbox 388 1239 429 1258; x_wconf 80' lang='lat' dir='ltr'>ex</span> <span class='ocrx_word' id='word_1_120' title='bbox 449 1228 519 1258; x_wconf 83' lang='lat' dir='ltr'>colo</span> <span class='ocrx_word' id='word_1_121' title='bbox 539 1227 676 1259; x_wconf 77' lang='lat' dir='ltr'>deducto</span> 
     </span>
     <span class='ocr_line' id='line_1_23' title="bbox 99 1274 677 1312; baseline 0.002 -9"><span class='ocrx_word' id='word_1_122' title='bbox 99 1274 160 1303; x_wconf 85' lang='lat' dir='ltr'>sata</span> <span class='ocrx_word' id='word_1_123' title='bbox 185 1281 276 1312; x_wconf 85' lang='lat' dir='ltr'>sunt,</span> <span class='ocrx_word' id='word_1_124' title='bbox 301 1286 357 1304; x_wconf 89' lang='lat' dir='ltr'>seu</span> <span class='ocrx_word' id='word_1_125' title='bbox 381 1275 471 1305; x_wconf 83' lang='lat' dir='ltr'>saecla</span> <span class='ocrx_word' id='word_1_126' title='bbox 491 1285 497 1305; x_wconf 86' lang='lat'>:</span> <span class='ocrx_word' id='word_1_127' title='bbox 514 1275 582 1304; x_wconf 79' lang='lat' dir='ltr'>haec</span> <span class='ocrx_word' id='word_1_128' title='bbox 608 1277 677 1305; x_wconf 84' lang='lat' dir='ltr'>neri</span> 
     </span>
     <span class='ocr_line' id='line_1_24' title="bbox 100 1321 679 1362; baseline 0.002 -12"><span class='ocrx_word' id='word_1_129' title='bbox 100 1321 268 1358; x_wconf 81' lang='lat' dir='ltr'>dicuntur3</span> <span class='ocrx_word' id='word_1_130' title='bbox 289 1328 325 1350; x_wconf 90' lang='lat' dir='ltr'>ut</span> <span class='ocrx_word' id='word_1_131' title='bbox 343 1322 427 1362; x_wconf 88' lang='lat' dir='ltr'>apud</span> <span class='ocrx_word' id='word_1_132' title='bbox 443 1323 619 1351; x_wconf 88' lang='lat' dir='ltr'>Homerum</span> <span class='ocrx_word' id='word_1_133' title='bbox 635 1330 679 1351; x_wconf 85' lang='lat' dir='ltr'>to-</span> 
     </span>
     <span class='ocr_line' id='line_1_25' title="bbox 101 1366 680 1398; baseline 0.002 -2"><span class='ocrx_word' id='word_1_134' title='bbox 101 1369 157 1396; x_wconf 76' lang='lat' dir='ltr'>ties</span> <span class='ocrx_word' id='word_1_135' title='bbox 168 1366 344 1398; x_wconf 80' lang='grc' dir='ltr'>ἐπικλώθειν</span> <span class='ocrx_word' id='word_1_136' title='bbox 361 1368 421 1397; x_wconf 84' lang='lat' dir='ltr'>fata</span> <span class='ocrx_word' id='word_1_137' title='bbox 437 1368 532 1397; x_wconf 87' lang='lat' dir='ltr'>alicui</span> <span class='ocrx_word' id='word_1_138' title='bbox 547 1368 680 1397; x_wconf 84' lang='lat' dir='ltr'>destina-</span> 
     </span>
     <span class='ocr_line' id='line_1_26' title="bbox 101 1405 679 1455; baseline 0.003 -13"><span class='ocrx_word' id='word_1_139' title='bbox 101 1423 151 1450; x_wconf 88' lang='lat' dir='ltr'>re,</span> <span class='ocrx_word' id='word_1_140' title='bbox 168 1412 274 1442; x_wconf 88' lang='lat' dir='ltr'>nendo</span> <span class='ocrx_word' id='word_1_141' title='bbox 293 1414 359 1444; x_wconf 89' lang='lat' dir='ltr'>scil.</span> <span class='ocrx_word' id='word_1_142' title='bbox 376 1405 449 1444; x_wconf 74' lang='grc' dir='ltr'>Ᾰλλ’</span> <span class='ocrx_word' id='word_1_143' title='bbox 467 1412 499 1442; x_wconf 76' lang='grc' dir='ltr'>οὔ</span> <span class='ocrx_word' id='word_1_144' title='bbox 516 1424 567 1455; x_wconf 79' lang='grc' dir='ltr'>μοι</span> <span class='ocrx_word' id='word_1_145' title='bbox 581 1416 679 1444; x_wconf 75' lang='grc' dir='ltr'>τοιοῦ-</span> 
     </span>
     <span class='ocr_line' id='line_1_27' title="bbox 101 1456 679 1497; baseline 0 -9"><span class='ocrx_word' id='word_1_146' title='bbox 101 1470 151 1489; x_wconf 78' lang='grc' dir='ltr'>τον</span> <span class='ocrx_word' id='word_1_147' title='bbox 169 1457 348 1489; x_wconf 77' lang='grc' dir='ltr'>ἐπέκλωσαν</span> <span class='ocrx_word' id='word_1_148' title='bbox 363 1456 424 1489; x_wconf 79' lang='grc' dir='ltr'>θεοὶ</span> <span class='ocrx_word' id='word_1_149' title='bbox 443 1457 542 1497; x_wconf 71' lang='grc' dir='ltr'>ὄλβον.</span> <span class='ocrx_word' id='word_1_150' title='bbox 558 1460 679 1489; x_wconf 83' lang='lat' dir='ltr'>Habuit</span> 
     </span>
     <span class='ocr_line' id='line_1_28' title="bbox 103 1505 674 1544; baseline -0.002 -9"><span class='ocrx_word' id='word_1_151' title='bbox 103 1513 226 1541; x_wconf 78' lang='lat' dir='ltr'>autem,</span> <span class='ocrx_word' id='word_1_152' title='bbox 246 1505 333 1544; x_wconf 87' lang='lat' dir='ltr'>quod</span> <span class='ocrx_word' id='word_1_153' title='bbox 355 1506 419 1543; x_wconf 84' lang='lat' dir='ltr'>jam</span> <span class='ocrx_word' id='word_1_154' title='bbox 439 1505 584 1535; x_wconf 83' lang='lat' dir='ltr'>Macrob.</span> <span class='ocrx_word' id='word_1_155' title='bbox 613 1508 674 1541; x_wconf 89' lang='lat' dir='ltr'>VI,</span> 
     </span>
     <span class='ocr_line' id='line_1_29' title="bbox 106 1551 678 1587; baseline -0.002 -6"><span class='ocrx_word' id='word_1_156' title='bbox 106 1563 120 1581; x_wconf 85' lang='lat'>1</span> <span class='ocrx_word' id='word_1_157' title='bbox 141 1551 237 1587; x_wconf 81' lang='lat' dir='ltr'>vidit,</span> <span class='ocrx_word' id='word_1_158' title='bbox 254 1553 346 1581; x_wconf 87' lang='lat' dir='ltr'>Maro</span> <span class='ocrx_word' id='word_1_159' title='bbox 359 1559 430 1581; x_wconf 83' lang='lat' dir='ltr'>ante</span> <span class='ocrx_word' id='word_1_160' title='bbox 440 1552 550 1581; x_wconf 86' lang='lat' dir='ltr'>oculos</span> <span class='ocrx_word' id='word_1_161' title='bbox 562 1552 678 1581; x_wconf 76' lang='lat' dir='ltr'>Catulli</span> 
     </span>
     <span class='ocr_line' id='line_1_30' title="bbox 102 1598 675 1638; baseline -0.002 -10"><span class='ocrx_word' id='word_1_162' title='bbox 102 1600 177 1635; x_wconf 86' lang='lat' dir='ltr'>LX,</span> <span class='ocrx_word' id='word_1_163' title='bbox 196 1598 261 1627; x_wconf 80' lang='lat'>320</span> <span class='ocrx_word' id='word_1_164' title='bbox 289 1608 374 1638; x_wconf 80' lang='lat' dir='ltr'>sqq.,</span> <span class='ocrx_word' id='word_1_165' title='bbox 395 1598 451 1627; x_wconf 88' lang='lat' dir='ltr'>ubi</span> <span class='ocrx_word' id='word_1_166' title='bbox 472 1604 518 1626; x_wconf 86' lang='lat' dir='ltr'>est</span> <span class='ocrx_word' id='word_1_167' title='bbox 536 1598 675 1635; x_wconf 75' lang='lat' dir='ltr'>Currite,</span> 
     </span>
     <span class='ocr_line' id='line_1_31' title="bbox 93 1643 676 1685; baseline -0.002 -12"><span class='ocrx_word' id='word_1_168' title='bbox 93 1644 173 1685; x_wconf 78' lang='lat' dir='ltr'>susi.</span> <span class='ocrx_word' id='word_1_169' title='bbox 192 1643 257 1672; x_wconf 83' lang='lat' dir='ltr'>Sed</span> <span class='ocrx_word' id='word_1_170' title='bbox 271 1654 347 1680; x_wconf 72' lang='lat' dir='ltr'>vos,</span> <span class='ocrx_word' id='word_1_171' title='bbox 367 1643 524 1684; x_wconf 79' lang='lat' dir='ltr'>quoesata</span> <span class='ocrx_word' id='word_1_172' title='bbox 539 1655 676 1684; x_wconf 79' lang='lat' dir='ltr'>sequun-</span> 
     </span>
     <span class='ocr_line' id='line_1_32' title="bbox 102 1689 673 1726; baseline -0.002 -6"><span class='ocrx_word' id='word_1_173' title='bbox 102 1698 161 1726; x_wconf 87' lang='lat' dir='ltr'>tur,</span> <span class='ocrx_word' id='word_1_174' title='bbox 183 1689 302 1719; x_wconf 79' lang='lat' dir='ltr'>Currite</span> <span class='ocrx_word' id='word_1_175' title='bbox 315 1691 463 1720; x_wconf 75' lang='lat' dir='ltr'>ducentes</span> <span class='ocrx_word' id='word_1_176' title='bbox 480 1690 673 1726; x_wconf 76' lang='lat' dir='ltr'>subtemina,</span> 
     </span>
     <span class='ocr_line' id='line_1_33' title="bbox 102 1735 677 1777; baseline 0 -11"><span class='ocrx_word' id='word_1_177' title='bbox 102 1736 230 1773; x_wconf 85' lang='lat' dir='ltr'>currite,</span> <span class='ocrx_word' id='word_1_178' title='bbox 255 1735 336 1777; x_wconf 75' lang='lat' dir='ltr'>fitsi.</span> <span class='ocrx_word' id='word_1_179' title='bbox 362 1739 446 1767; x_wconf 88' lang='lat' dir='ltr'>Tum</span> <span class='ocrx_word' id='word_1_180' title='bbox 469 1743 508 1775; x_wconf 74' lang='lat'>47</span> <span class='ocrx_word' id='word_1_181' title='bbox 540 1738 677 1766; x_wconf 84' lang='lat' dir='ltr'>Concor-</span> 
     </span>
     <span class='ocr_line' id='line_1_34' title="bbox 103 1782 677 1824; baseline -0.002 -11"><span class='ocrx_word' id='word_1_182' title='bbox 103 1783 158 1813; x_wconf 83' lang='lat' dir='ltr'>des</span> <span class='ocrx_word' id='word_1_183' title='bbox 176 1783 283 1812; x_wconf 81' lang='lat' dir='ltr'>stabili</span> <span class='ocrx_word' id='word_1_184' title='bbox 289 1782 436 1824; x_wconf 78' lang='lat' dir='ltr'>fiztormn</span> <span class='ocrx_word' id='word_1_185' title='bbox 453 1783 583 1812; x_wconf 83' lang='lat' dir='ltr'>numine</span> <span class='ocrx_word' id='word_1_186' title='bbox 598 1787 677 1813; x_wconf 79' lang='lat' dir='ltr'>Par-</span> 
     </span>
     <span class='ocr_line' id='line_1_35' title="bbox 103 1829 676 1865; baseline 0.003 -7"><span class='ocrx_word' id='word_1_187' title='bbox 103 1840 159 1859; x_wconf 81' lang='lat' dir='ltr'>cae.</span> <span class='ocrx_word' id='word_1_188' title='bbox 176 1831 259 1859; x_wconf 70' lang='lat' dir='ltr'>Fata</span> <span class='ocrx_word' id='word_1_189' title='bbox 274 1836 348 1859; x_wconf 86' lang='lat' dir='ltr'>sunt</span> <span class='ocrx_word' id='word_1_190' title='bbox 365 1829 509 1865; x_wconf 76' lang='lat' dir='ltr'>stabilia,</span> <span class='ocrx_word' id='word_1_191' title='bbox 530 1831 676 1860; x_wconf 85' lang='lat' dir='ltr'>immuta-</span> 
     </span>
     <span class='ocr_line' id='line_1_36' title="bbox 104 1875 677 1917; baseline 0.003 -13"><span class='ocrx_word' id='word_1_192' title='bbox 104 1875 195 1912; x_wconf 83' lang='lat' dir='ltr'>bilia,</span> <span class='ocrx_word' id='word_1_193' title='bbox 210 1877 310 1916; x_wconf 83' lang='lat' dir='ltr'>iisque</span> <span class='ocrx_word' id='word_1_194' title='bbox 327 1886 444 1905; x_wconf 82' lang='lat' dir='ltr'>numen</span> <span class='ocrx_word' id='word_1_195' title='bbox 459 1875 491 1905; x_wconf 90' lang='lat' dir='ltr'>h.</span> <span class='ocrx_word' id='word_1_196' title='bbox 511 1877 558 1905; x_wconf 88' lang='lat' dir='ltr'>vis</span> <span class='ocrx_word' id='word_1_197' title='bbox 574 1884 604 1906; x_wconf 87' lang='lat' dir='ltr'>et</span> <span class='ocrx_word' id='word_1_198' title='bbox 619 1888 677 1917; x_wconf 93' lang='lat' dir='ltr'>po-</span> 
     </span>
     <span class='ocr_line' id='line_1_37' title="bbox 104 1922 676 1961; baseline 0.002 -10"><span class='ocrx_word' id='word_1_199' title='bbox 104 1927 196 1951; x_wconf 85' lang='lat' dir='ltr'>testas</span> <span class='ocrx_word' id='word_1_200' title='bbox 202 1932 290 1961; x_wconf 88' lang='lat' dir='ltr'>aeque</span> <span class='ocrx_word' id='word_1_201' title='bbox 301 1932 335 1951; x_wconf 90' lang='lat' dir='ltr'>ac</span> <span class='ocrx_word' id='word_1_202' title='bbox 342 1923 489 1952; x_wconf 85' lang='lat' dir='ltr'>voluntas</span> <span class='ocrx_word' id='word_1_203' title='bbox 496 1922 602 1952; x_wconf 88' lang='lat' dir='ltr'>divina</span> <span class='ocrx_word' id='word_1_204' title='bbox 621 1925 676 1952; x_wconf 86' lang='lat' dir='ltr'>tri-</span> 
     </span>
     <span class='ocr_line' id='line_1_38' title="bbox 105 1967 673 2010; baseline 0 -13"><span class='ocrx_word' id='word_1_205' title='bbox 105 1967 226 1997; x_wconf 81' lang='lat' dir='ltr'>buitur.</span> <span class='ocrx_word' id='word_1_206' title='bbox 252 1970 364 1998; x_wconf 77' lang='lat' dir='ltr'>Parcae</span> <span class='ocrx_word' id='word_1_207' title='bbox 386 1969 557 1998; x_wconf 82' lang='lat' dir='ltr'>concordes</span> <span class='ocrx_word' id='word_1_208' title='bbox 570 1969 673 2010; x_wconf 76' lang='lat' dir='ltr'>fatis,</span> 
     </span>
     <span class='ocr_line' id='line_1_39' title="bbox 105 2013 678 2055; baseline 0 -11"><span class='ocrx_word' id='word_1_209' title='bbox 105 2013 137 2044; x_wconf 90' lang='lat' dir='ltr'>h.</span> <span class='ocrx_word' id='word_1_210' title='bbox 165 2015 199 2043; x_wconf 92' lang='lat' dir='ltr'>in</span> <span class='ocrx_word' id='word_1_211' title='bbox 223 2013 293 2043; x_wconf 85' lang='lat' dir='ltr'>satis</span> <span class='ocrx_word' id='word_1_212' title='bbox 315 2014 483 2044; x_wconf 87' lang='lat' dir='ltr'>hominum</span> <span class='ocrx_word' id='word_1_213' title='bbox 508 2025 678 2055; x_wconf 80' lang='lat' dir='ltr'>rerumque</span> 
     </span>
     <span class='ocr_line' id='line_1_40' title="bbox 106 2058 677 2091; baseline 0.004 -2"><span class='ocrx_word' id='word_1_214' title='bbox 106 2058 292 2089; x_wconf 82' lang='lat' dir='ltr'>definiendis</span> <span class='ocrx_word' id='word_1_215' title='bbox 312 2067 342 2089; x_wconf 84' lang='lat' dir='ltr'>et</span> <span class='ocrx_word' id='word_1_216' title='bbox 367 2061 604 2091; x_wconf 87' lang='lat' dir='ltr'>constituendis.</span> <span class='ocrx_word' id='word_1_217' title='bbox 622 2064 677 2091; x_wconf 92' lang='lat' dir='ltr'>So-</span> 
     </span>
     <span class='ocr_line' id='line_1_41' title="bbox 105 2106 678 2147; baseline 0 -11"><span class='ocrx_word' id='word_1_218' title='bbox 105 2106 173 2136; x_wconf 87' lang='lat' dir='ltr'>lent</span> <span class='ocrx_word' id='word_1_219' title='bbox 191 2113 295 2136; x_wconf 80' lang='lat' dir='ltr'>autem</span> <span class='ocrx_word' id='word_1_220' title='bbox 312 2114 414 2147; x_wconf 81' lang='lat' dir='ltr'>poetae</span> <span class='ocrx_word' id='word_1_221' title='bbox 431 2106 527 2136; x_wconf 89' lang='lat' dir='ltr'>modo</span> <span class='ocrx_word' id='word_1_222' title='bbox 543 2108 578 2136; x_wconf 88' lang='lat' dir='ltr'>in</span> <span class='ocrx_word' id='word_1_223' title='bbox 594 2117 678 2147; x_wconf 88' lang='lat' dir='ltr'>nup-</span> 
     </span>
     <span class='ocr_line' id='line_1_42' title="bbox 107 2153 678 2191; baseline 0.002 -10"><span class='ocrx_word' id='word_1_224' title='bbox 107 2153 159 2182; x_wconf 75' lang='lat' dir='ltr'>tiis</span> <span class='ocrx_word' id='word_1_225' title='bbox 186 2153 282 2183; x_wconf 87' lang='lat' dir='ltr'>modo</span> <span class='ocrx_word' id='word_1_226' title='bbox 306 2155 341 2182; x_wconf 89' lang='lat' dir='ltr'>in</span> <span class='ocrx_word' id='word_1_227' title='bbox 363 2153 521 2183; x_wconf 81' lang='lat' dir='ltr'>natalibus</span> <span class='ocrx_word' id='word_1_228' title='bbox 541 2155 678 2191; x_wconf 70' lang='lat' dir='ltr'>Parcas,</span> 
     </span>
     <span class='ocr_line' id='line_1_43' title="bbox 59 2194 677 2241; baseline 0.003 -13"><span class='ocrx_word' id='word_1_229' title='bbox 59 2194 69 2202; x_wconf 67' lang='lat'><strong>⁹</strong></span> <span class='ocrx_word' id='word_1_230' title='bbox 107 2196 244 2241; x_wconf 82' lang='grc' dir='ltr'>Μοίρας,</span> <span class='ocrx_word' id='word_1_231' title='bbox 265 2199 412 2230; x_wconf 82' lang='lat' dir='ltr'>adhibere</span> <span class='ocrx_word' id='word_1_232' title='bbox 432 2200 493 2229; x_wconf 84' lang='lat' dir='ltr'>fata</span> <span class='ocrx_word' id='word_1_233' title='bbox 522 2207 677 2230; x_wconf 81' lang='lat' dir='ltr'>canentes.</span> 
     </span>
     <span class='ocr_line' id='line_1_44' title="bbox 113 2245 678 2283; baseline 0.004 -9"><span class='ocrx_word' id='word_1_234' title='bbox 113 2245 258 2283; x_wconf 74' lang='lat' dir='ltr'>Currere,</span> <span class='ocrx_word' id='word_1_235' title='bbox 299 2246 428 2276; x_wconf 71' lang='lat' dir='ltr'>Parthas</span> <span class='ocrx_word' id='word_1_236' title='bbox 453 2253 484 2276; x_wconf 87' lang='lat' dir='ltr'>et</span> <span class='ocrx_word' id='word_1_237' title='bbox 499 2247 592 2277; x_wconf 89' lang='lat' dir='ltr'>Pierii</span> <span class='ocrx_word' id='word_1_238' title='bbox 609 2248 678 2276; x_wconf 88' lang='lat' dir='ltr'>Me-</span> 
     </span>
    </p>
   </div>
   <div class='ocr_carea' id='block_1_3' title="bbox 726 625 1311 2288">
    <p class='ocr_par' dir='ltr' id='par_1_4' title="bbox 726 625 1301 664">
     <span class='ocr_line' id='line_1_45' title="bbox 726 625 1301 664; baseline -0.003 -8"><span class='ocrx_word' id='word_1_239' title='bbox 726 627 851 663; x_wconf 73' lang='lat' dir='ltr'>diceus;</span> <span class='ocrx_word' id='word_1_240' title='bbox 867 627 949 664; x_wconf 86' lang='lat' dir='ltr'>conj.</span> <span class='ocrx_word' id='word_1_241' title='bbox 961 628 1012 656; x_wconf 90' lang='lat' dir='ltr'>Jo.</span> <span class='ocrx_word' id='word_1_242' title='bbox 1026 625 1178 656; x_wconf 78' lang='lat' dir='ltr'>Schrader</span> <span class='ocrx_word' id='word_1_243' title='bbox 1188 625 1301 655; x_wconf 79' lang='lat' dir='ltr'>ducite.</span> 
     </span>
    </p>

    <p class='ocr_par' dir='ltr' id='par_1_5' title="bbox 727 671 1311 2288">
     <span class='ocr_line' id='line_1_46' title="bbox 776 671 1302 709; baseline -0.004 -7"><span class='ocrx_word' id='word_1_244' title='bbox 776 674 921 709; x_wconf 72' lang='lat'>48—52.</span> <span class='ocrx_word' id='word_1_245' title='bbox 937 674 1050 702; x_wconf 81' lang='lat' dir='ltr'>Dicere</span> <span class='ocrx_word' id='word_1_246' title='bbox 1065 671 1133 701; x_wconf 77' lang='lat' dir='ltr'>haec</span> <span class='ocrx_word' id='word_1_247' title='bbox 1149 671 1302 701; x_wconf 73' lang='grc' dir='ltr'>ἐνθουσιῶν</span> 
     </span>
     <span class='ocr_line' id='line_1_47' title="bbox 728 719 1303 760; baseline -0.002 -12"><span class='ocrx_word' id='word_1_248' title='bbox 728 719 766 749; x_wconf 82' lang='lat' dir='ltr'>de</span> <span class='ocrx_word' id='word_1_249' title='bbox 784 731 901 760; x_wconf 85' lang='lat' dir='ltr'>puero,</span> <span class='ocrx_word' id='word_1_250' title='bbox 923 720 985 757; x_wconf 85' lang='lat' dir='ltr'>jam</span> <span class='ocrx_word' id='word_1_251' title='bbox 1009 719 1047 747; x_wconf 79' lang='lat' dir='ltr'>ad</span> <span class='ocrx_word' id='word_1_252' title='bbox 1072 719 1193 747; x_wconf 80' lang='lat' dir='ltr'>virilem</span> <span class='ocrx_word' id='word_1_253' title='bbox 1219 719 1303 749; x_wconf 84' lang='lat' dir='ltr'>illam</span> 
     </span>
     <span class='ocr_line' id='line_1_48' title="bbox 729 764 1306 802; baseline -0.003 -7"><span class='ocrx_word' id='word_1_254' title='bbox 729 773 850 795; x_wconf 68' lang='lat' dir='ltr'>:rtatem</span> <span class='ocrx_word' id='word_1_255' title='bbox 874 765 997 802; x_wconf 76' lang='lat' dir='ltr'>adulto,</span> <span class='ocrx_word' id='word_1_256' title='bbox 1018 764 1244 794; x_wconf 73' lang='lat' dir='ltr'>existimandus</span> <span class='ocrx_word' id='word_1_257' title='bbox 1262 772 1306 793; x_wconf 86' lang='lat' dir='ltr'>est</span> 
     </span>
     <span class='ocr_line' id='line_1_49' title="bbox 728 811 1306 851; baseline 0 -12"><span class='ocrx_word' id='word_1_258' title='bbox 728 819 820 851; x_wconf 80' lang='lat' dir='ltr'>poeta</span> <span class='ocrx_word' id='word_1_259' title='bbox 831 834 838 848; x_wconf 79' lang='lat'>,</span> <span class='ocrx_word' id='word_1_260' title='bbox 850 812 1048 851; x_wconf 75' lang='lat' dir='ltr'>impatienter</span> <span class='ocrx_word' id='word_1_261' title='bbox 1062 811 1163 840; x_wconf 77' lang='lat' dir='ltr'>ferens</span> <span class='ocrx_word' id='word_1_262' title='bbox 1173 821 1291 839; x_wconf 75' lang='lat' dir='ltr'>morani</span> <span class='ocrx_word' id='word_1_263' title='bbox 1300 835 1306 843; x_wconf 76' lang='grc'>,</span> 
     </span>
     <span class='ocr_line' id='line_1_50' title="bbox 730 856 1305 897; baseline -0.002 -11"><span class='ocrx_word' id='word_1_264' title='bbox 730 858 834 895; x_wconf 79' lang='lat' dir='ltr'>etjam</span> <span class='ocrx_word' id='word_1_265' title='bbox 851 859 956 886; x_wconf 77' lang='lat' dir='ltr'>animo</span> <span class='ocrx_word' id='word_1_266' title='bbox 971 856 1143 897; x_wconf 63' lang='lat' dir='ltr'>providens</span> <span class='ocrx_word' id='word_1_267' title='bbox 1159 858 1305 896; x_wconf 68' lang='lat' dir='ltr'>praesagia</span> 
     </span>
     <span class='ocr_line' id='line_1_51' title="bbox 730 903 1305 944; baseline -0.002 -12"><span class='ocrx_word' id='word_1_268' title='bbox 730 914 764 932; x_wconf 86' lang='lat' dir='ltr'>ac</span> <span class='ocrx_word' id='word_1_269' title='bbox 779 903 936 944; x_wconf 82' lang='lat' dir='ltr'>prodigia,</span> <span class='ocrx_word' id='word_1_270' title='bbox 955 914 1026 943; x_wconf 62' lang='lat' dir='ltr'>quac</span> <span class='ocrx_word' id='word_1_271' title='bbox 1042 914 1185 944; x_wconf 82' lang='lat' dir='ltr'>magnam</span> <span class='ocrx_word' id='word_1_272' title='bbox 1202 914 1305 932; x_wconf 73' lang='lat' dir='ltr'>reruni</span> 
     </span>
     <span class='ocr_line' id='line_1_52' title="bbox 729 950 1305 989; baseline 0 -10"><span class='ocrx_word' id='word_1_273' title='bbox 729 952 936 979; x_wconf 75' lang='lat' dir='ltr'>mutationem</span> <span class='ocrx_word' id='word_1_274' title='bbox 955 950 1162 989; x_wconf 85' lang='lat' dir='ltr'>portendunt.</span> <span class='ocrx_word' id='word_1_275' title='bbox 1186 967 1231 971; x_wconf 91' lang='lat'><strong>—</strong></span> <span class='ocrx_word' id='word_1_276' title='bbox 1253 956 1305 989; x_wconf 68' lang='lat'>49.</span> 
     </span>
     <span class='ocr_line' id='line_1_53' title="bbox 731 996 1304 1036; baseline 0 -10"><span class='ocrx_word' id='word_1_277' title='bbox 731 997 828 1026; x_wconf 81' lang='lat' dir='ltr'>Clara</span> <span class='ocrx_word' id='word_1_278' title='bbox 860 998 975 1027; x_wconf 78' lang='lat' dir='ltr'>Morct.</span> <span class='ocrx_word' id='word_1_279' title='bbox 1003 1004 1105 1036; x_wconf 85' lang='lat' dir='ltr'>quart.</span> <span class='ocrx_word' id='word_1_280' title='bbox 1134 1003 1164 1025; x_wconf 87' lang='lat' dir='ltr'>et</span> <span class='ocrx_word' id='word_1_281' title='bbox 1192 996 1304 1026; x_wconf 76' lang='lat' dir='ltr'>Scheff.</span> 
     </span>
     <span class='ocr_line' id='line_1_54' title="bbox 727 1043 1305 1084; baseline -0.003 -12"><span class='ocrx_word' id='word_1_282' title='bbox 727 1044 887 1073; x_wconf 72' lang='lat' dir='ltr'>recentis-S.</span> <span class='ocrx_word' id='word_1_283' title='bbox 912 1060 957 1065; x_wconf 82' lang='lat'>—-</span> <span class='ocrx_word' id='word_1_284' title='bbox 979 1044 1136 1084; x_wconf 70' lang='lat' dir='ltr'>fllagnmn</span> <span class='ocrx_word' id='word_1_285' title='bbox 1153 1043 1238 1071; x_wconf 65' lang='lat' dir='ltr'>Iovis</span> <span class='ocrx_word' id='word_1_286' title='bbox 1259 1043 1305 1071; x_wconf 73' lang='lat' dir='ltr'>in-</span> 
     </span>
     <span class='ocr_line' id='line_1_55' title="bbox 729 1089 1306 1125; baseline -0.003 -6"><span class='ocrx_word' id='word_1_287' title='bbox 729 1098 938 1125; x_wconf 76' lang='lat' dir='ltr'>crementum,</span> <span class='ocrx_word' id='word_1_288' title='bbox 973 1089 1120 1119; x_wconf 80' lang='lat' dir='ltr'>alumnus</span> <span class='ocrx_word' id='word_1_289' title='bbox 1146 1096 1176 1118; x_wconf 86' lang='lat' dir='ltr'>et</span> <span class='ocrx_word' id='word_1_290' title='bbox 1204 1090 1306 1118; x_wconf 82' lang='lat' dir='ltr'>nutri-</span> 
     </span>
     <span class='ocr_line' id='line_1_56' title="bbox 730 1131 1306 1178; baseline -0.002 -13"><span class='ocrx_word' id='word_1_291' title='bbox 730 1137 797 1165; x_wconf 87' lang='lat' dir='ltr'>cius</span> <span class='ocrx_word' id='word_1_292' title='bbox 811 1160 819 1173; x_wconf 91' lang='lat'>‚</span> <span class='ocrx_word' id='word_1_293' title='bbox 857 1135 979 1178; x_wconf 74' lang='grc' dir='ltr'>θρέμμα</span> <span class='ocrx_word' id='word_1_294' title='bbox 1011 1134 1096 1172; x_wconf 77' lang='grc' dir='ltr'>Διὸς,</span> <span class='ocrx_word' id='word_1_295' title='bbox 1126 1131 1306 1177; x_wconf 66' lang='grc' dir='ltr'>διοτρεφῆς,</span> 
     </span>
     <span class='ocr_line' id='line_1_57' title="bbox 729 1182 1309 1213; baseline -0.003 -1"><span class='ocrx_word' id='word_1_296' title='bbox 729 1190 767 1212; x_wconf 88' lang='lat' dir='ltr'>ut</span> <span class='ocrx_word' id='word_1_297' title='bbox 792 1193 798 1213; x_wconf 90' lang='lat'><strong>:</strong></span> <span class='ocrx_word' id='word_1_298' title='bbox 824 1185 905 1213; x_wconf 86' lang='lat' dir='ltr'>Jove</span> <span class='ocrx_word' id='word_1_299' title='bbox 932 1190 1034 1212; x_wconf 78' lang='lat' dir='ltr'>natuS.</span> <span class='ocrx_word' id='word_1_300' title='bbox 1062 1182 1101 1212; x_wconf 85' lang='lat' dir='ltr'>cf.</span> <span class='ocrx_word' id='word_1_301' title='bbox 1131 1182 1239 1212; x_wconf 71' lang='lat' dir='ltr'>Corda.</span> <span class='ocrx_word' id='word_1_302' title='bbox 1265 1200 1309 1204; x_wconf 86' lang='lat'>-</span> 
     </span>
     <span class='ocr_line' id='line_1_58' title="bbox 734 1230 1307 1269; baseline -0.003 -11"><span class='ocrx_word' id='word_1_303' title='bbox 734 1230 785 1259; x_wconf 86' lang='lat'>50.</span> <span class='ocrx_word' id='word_1_304' title='bbox 801 1231 921 1258; x_wconf 85' lang='lat' dir='ltr'>Eorum</span> <span class='ocrx_word' id='word_1_305' title='bbox 931 1252 939 1266; x_wconf 81' lang='lat'><em>‚</em></span> <span class='ocrx_word' id='word_1_306' title='bbox 955 1239 1026 1269; x_wconf 80' lang='lat' dir='ltr'>quae</span> <span class='ocrx_word' id='word_1_307' title='bbox 1039 1235 1228 1268; x_wconf 82' lang='lat' dir='ltr'>sequuntur,</span> <span class='ocrx_word' id='word_1_308' title='bbox 1245 1238 1307 1256; x_wconf 86' lang='lat' dir='ltr'>am-</span> 
     </span>
     <span class='ocr_line' id='line_1_59' title="bbox 731 1275 1308 1316; baseline -0.002 -12"><span class='ocrx_word' id='word_1_309' title='bbox 731 1275 827 1316; x_wconf 81' lang='lat' dir='ltr'>bigua</span> <span class='ocrx_word' id='word_1_310' title='bbox 845 1282 891 1304; x_wconf 85' lang='lat' dir='ltr'>est</span> <span class='ocrx_word' id='word_1_311' title='bbox 913 1282 942 1304; x_wconf 84' lang='lat' dir='ltr'>et</span> <span class='ocrx_word' id='word_1_312' title='bbox 961 1282 1119 1304; x_wconf 83' lang='lat' dir='ltr'>structura</span> <span class='ocrx_word' id='word_1_313' title='bbox 1140 1282 1169 1303; x_wconf 87' lang='lat' dir='ltr'>et</span> <span class='ocrx_word' id='word_1_314' title='bbox 1184 1281 1308 1303; x_wconf 80' lang='lat' dir='ltr'>senten-</span> 
     </span>
     <span class='ocr_line' id='line_1_60' title="bbox 732 1320 1310 1362; baseline -0.005 -11"><span class='ocrx_word' id='word_1_315' title='bbox 732 1323 773 1351; x_wconf 82' lang='lat' dir='ltr'>tia</span> <span class='ocrx_word' id='word_1_316' title='bbox 791 1332 797 1351; x_wconf 89' lang='lat'><strong>:</strong></span> <span class='ocrx_word' id='word_1_317' title='bbox 814 1328 917 1362; x_wconf 87' lang='lat' dir='ltr'>potest</span> <span class='ocrx_word' id='word_1_318' title='bbox 932 1323 1019 1361; x_wconf 83' lang='lat' dir='ltr'>prior</span> <span class='ocrx_word' id='word_1_319' title='bbox 1034 1331 1154 1357; x_wconf 81' lang='lat' dir='ltr'>versus,</span> <span class='ocrx_word' id='word_1_320' title='bbox 1171 1320 1310 1359; x_wconf 71' lang='lat' dir='ltr'>Adspice</span> 
     </span>
     <span class='ocr_line' id='line_1_61' title="bbox 734 1366 1309 1406; baseline -0.002 -10"><span class='ocrx_word' id='word_1_321' title='bbox 734 1378 875 1397; x_wconf 61' lang='lat' dir='ltr'>convexo</span> <span class='ocrx_word' id='word_1_322' title='bbox 887 1375 1052 1396; x_wconf 78' lang='lat' dir='ltr'>nutantem</span> <span class='ocrx_word' id='word_1_323' title='bbox 1058 1366 1203 1406; x_wconf 82' lang='lat' dir='ltr'>pondere</span> <span class='ocrx_word' id='word_1_324' title='bbox 1217 1377 1309 1395; x_wconf 85' lang='lat' dir='ltr'>mun-</span> 
     </span>
     <span class='ocr_line' id='line_1_62' title="bbox 734 1412 1309 1454; baseline -0.002 -12"><span class='ocrx_word' id='word_1_325' title='bbox 734 1414 820 1451; x_wconf 76' lang='lat' dir='ltr'>dum,</span> <span class='ocrx_word' id='word_1_326' title='bbox 831 1424 888 1454; x_wconf 88' lang='lat' dir='ltr'>per</span> <span class='ocrx_word' id='word_1_327' title='bbox 897 1425 929 1443; x_wconf 88' lang='lat' dir='ltr'>se</span> <span class='ocrx_word' id='word_1_328' title='bbox 940 1414 1040 1453; x_wconf 88' lang='lat' dir='ltr'>accipi</span> <span class='ocrx_word' id='word_1_329' title='bbox 1053 1420 1202 1452; x_wconf 81' lang='lat' dir='ltr'>tanquam</span> <span class='ocrx_word' id='word_1_330' title='bbox 1212 1412 1309 1452; x_wconf 86' lang='lat' dir='ltr'>phan-</span> 
     </span>
     <span class='ocr_line' id='line_1_63' title="bbox 732 1460 1309 1500; baseline -0.003 -11"><span class='ocrx_word' id='word_1_331' title='bbox 732 1467 827 1489; x_wconf 86' lang='lat' dir='ltr'>tasma</span> <span class='ocrx_word' id='word_1_332' title='bbox 864 1460 1087 1500; x_wconf 84' lang='lat' dir='ltr'>propheticum</span> <span class='ocrx_word' id='word_1_333' title='bbox 1117 1470 1173 1488; x_wconf 86' lang='lat' dir='ltr'>seu</span> <span class='ocrx_word' id='word_1_334' title='bbox 1207 1460 1309 1488; x_wconf 70' lang='lat' dir='ltr'>visum</span> 
     </span>
     <span class='ocr_line' id='line_1_64' title="bbox 731 1506 1308 1547; baseline -0.003 -12"><span class='ocrx_word' id='word_1_335' title='bbox 731 1506 883 1547; x_wconf 81' lang='lat' dir='ltr'>prodigii,</span> <span class='ocrx_word' id='word_1_336' title='bbox 903 1506 989 1546; x_wconf 89' lang='lat' dir='ltr'>quod</span> <span class='ocrx_word' id='word_1_337' title='bbox 1011 1507 1180 1535; x_wconf 85' lang='lat' dir='ltr'>instantem</span> <span class='ocrx_word' id='word_1_338' title='bbox 1204 1516 1308 1534; x_wconf 84' lang='lat' dir='ltr'>rerum</span> 
     </span>
     <span class='ocr_line' id='line_1_65' title="bbox 730 1552 1310 1592; baseline -0.002 -11"><span class='ocrx_word' id='word_1_339' title='bbox 730 1554 942 1581; x_wconf 82' lang='lat' dir='ltr'>inversionem</span> <span class='ocrx_word' id='word_1_340' title='bbox 961 1552 1122 1592; x_wconf 89' lang='lat' dir='ltr'>portendit</span> <span class='ocrx_word' id='word_1_341' title='bbox 1142 1561 1149 1581; x_wconf 73' lang='grc' dir='ltr'>ε</span> <span class='ocrx_word' id='word_1_342' title='bbox 1171 1552 1310 1581; x_wconf 86' lang='lat' dir='ltr'>universi</span> 
     </span>
     <span class='ocr_line' id='line_1_66' title="bbox 731 1598 1307 1628; baseline 0.002 -1"><span class='ocrx_word' id='word_1_343' title='bbox 731 1605 886 1627; x_wconf 77' lang='lat' dir='ltr'>terrarum</span> <span class='ocrx_word' id='word_1_344' title='bbox 905 1598 991 1628; x_wconf 80' lang='lat' dir='ltr'>orbis</span> <span class='ocrx_word' id='word_1_345' title='bbox 1006 1605 1111 1627; x_wconf 81' lang='lat' dir='ltr'>motus</span> <span class='ocrx_word' id='word_1_346' title='bbox 1128 1608 1162 1626; x_wconf 85' lang='lat' dir='ltr'>ac</span> <span class='ocrx_word' id='word_1_347' title='bbox 1179 1604 1307 1628; x_wconf 84' lang='lat' dir='ltr'>tremor.</span> 
     </span>
     <span class='ocr_line' id='line_1_67' title="bbox 730 1645 1310 1684; baseline 0 -11"><span class='ocrx_word' id='word_1_348' title='bbox 730 1645 870 1674; x_wconf 79' lang='lat' dir='ltr'>Mundus</span> <span class='ocrx_word' id='word_1_349' title='bbox 887 1653 1004 1674; x_wconf 80' lang='lat' dir='ltr'>nutans</span> <span class='ocrx_word' id='word_1_350' title='bbox 1019 1655 1160 1674; x_wconf 67' lang='lat' dir='ltr'>convexo</span> <span class='ocrx_word' id='word_1_351' title='bbox 1165 1645 1310 1684; x_wconf 76' lang='lat' dir='ltr'>pondere</span> 
     </span>
     <span class='ocr_line' id='line_1_68' title="bbox 732 1691 1308 1732; baseline -0.002 -12"><span class='ocrx_word' id='word_1_352' title='bbox 732 1698 841 1721; x_wconf 82' lang='lat' dir='ltr'>ornate</span> <span class='ocrx_word' id='word_1_353' title='bbox 860 1691 964 1722; x_wconf 87' lang='lat' dir='ltr'>dictus</span> <span class='ocrx_word' id='word_1_354' title='bbox 977 1702 1036 1732; x_wconf 88' lang='lat' dir='ltr'>pro</span> <span class='ocrx_word' id='word_1_355' title='bbox 1052 1701 1058 1721; x_wconf 87' lang='lat'>:</span> <span class='ocrx_word' id='word_1_356' title='bbox 1077 1691 1216 1720; x_wconf 87' lang='lat' dir='ltr'>mundus</span> <span class='ocrx_word' id='word_1_357' title='bbox 1233 1702 1308 1720; x_wconf 87' lang='lat' dir='ltr'>con-</span> 
     </span>
     <span class='ocr_line' id='line_1_69' title="bbox 731 1739 1308 1774; baseline -0.003 -7"><span class='ocrx_word' id='word_1_358' title='bbox 731 1749 849 1774; x_wconf 74' lang='lat' dir='ltr'>vexus,</span> <span class='ocrx_word' id='word_1_359' title='bbox 877 1739 994 1767; x_wconf 87' lang='lat' dir='ltr'>coelum</span> <span class='ocrx_word' id='word_1_360' title='bbox 1022 1748 1223 1774; x_wconf 72' lang='lat' dir='ltr'>convexum,</span> <span class='ocrx_word' id='word_1_361' title='bbox 1249 1747 1308 1766; x_wconf 88' lang='lat' dir='ltr'>nu-</span> 
     </span>
     <span class='ocr_line' id='line_1_70' title="bbox 732 1783 1307 1819; baseline -0.003 -6"><span class='ocrx_word' id='word_1_362' title='bbox 732 1791 800 1813; x_wconf 85' lang='lat' dir='ltr'>tans</span> <span class='ocrx_word' id='word_1_363' title='bbox 815 1794 821 1814; x_wconf 91' lang='lat'><strong>:</strong></span> <span class='ocrx_word' id='word_1_364' title='bbox 839 1785 920 1814; x_wconf 89' lang='lat' dir='ltr'>bene</span> <span class='ocrx_word' id='word_1_365' title='bbox 933 1784 1086 1813; x_wconf 83' lang='lat' dir='ltr'>tribuitur</span> <span class='ocrx_word' id='word_1_366' title='bbox 1102 1783 1182 1812; x_wconf 83' lang='lat' dir='ltr'>coelo</span> <span class='ocrx_word' id='word_1_367' title='bbox 1199 1783 1307 1819; x_wconf 82' lang='lat' dir='ltr'>moles,</span> 
     </span>
     <span class='ocr_line' id='line_1_71' title="bbox 732 1830 1311 1871; baseline -0.005 -11"><span class='ocrx_word' id='word_1_368' title='bbox 732 1830 873 1871; x_wconf 89' lang='lat' dir='ltr'>pondus,</span> <span class='ocrx_word' id='word_1_369' title='bbox 903 1832 1048 1871; x_wconf 89' lang='lat' dir='ltr'>inprimis</span> <span class='ocrx_word' id='word_1_370' title='bbox 1062 1830 1097 1858; x_wconf 89' lang='lat' dir='ltr'>in</span> <span class='ocrx_word' id='word_1_371' title='bbox 1117 1836 1218 1859; x_wconf 85' lang='lat' dir='ltr'>motu.</span> <span class='ocrx_word' id='word_1_372' title='bbox 1243 1831 1311 1859; x_wconf 81' lang='lat' dir='ltr'>Nu-</span> 
     </span>
     <span class='ocr_line' id='line_1_72' title="bbox 733 1875 1310 1906; baseline -0.003 0"><span class='ocrx_word' id='word_1_373' title='bbox 733 1884 780 1906; x_wconf 81' lang='lat' dir='ltr'>tac</span> <span class='ocrx_word' id='word_1_374' title='bbox 809 1885 913 1906; x_wconf 84' lang='lat' dir='ltr'>autem</span> <span class='ocrx_word' id='word_1_375' title='bbox 948 1883 979 1905; x_wconf 90' lang='lat' dir='ltr'>et</span> <span class='ocrx_word' id='word_1_376' title='bbox 1010 1876 1193 1905; x_wconf 85' lang='lat' dir='ltr'>concutitur</span> <span class='ocrx_word' id='word_1_377' title='bbox 1224 1875 1310 1904; x_wconf 83' lang='lat' dir='ltr'>orbis</span> 
     </span>
     <span class='ocr_line' id='line_1_73' title="bbox 732 1921 1308 1962; baseline -0.003 -10"><span class='ocrx_word' id='word_1_378' title='bbox 732 1929 903 1959; x_wconf 84' lang='lat' dir='ltr'>terrarum,</span> <span class='ocrx_word' id='word_1_379' title='bbox 939 1929 1088 1962; x_wconf 73' lang='lat' dir='ltr'>tanquam</span> <span class='ocrx_word' id='word_1_380' title='bbox 1116 1921 1253 1951; x_wconf 87' lang='lat' dir='ltr'>adventu</span> <span class='ocrx_word' id='word_1_381' title='bbox 1278 1930 1308 1951; x_wconf 79' lang='lat' dir='ltr'>et</span> 
     </span>
     <span class='ocr_line' id='line_1_74' title="bbox 732 1967 1307 2009; baseline 0 -12"><span class='ocrx_word' id='word_1_382' title='bbox 732 1970 927 2009; x_wconf 84' lang='lat' dir='ltr'>apparitione</span> <span class='ocrx_word' id='word_1_383' title='bbox 955 1969 1096 1997; x_wconf 89' lang='lat' dir='ltr'>numinis</span> <span class='ocrx_word' id='word_1_384' title='bbox 1113 1990 1120 2005; x_wconf 89' lang='lat'><strong>‚</strong></span> <span class='ocrx_word' id='word_1_385' title='bbox 1155 1967 1243 2007; x_wconf 83' lang='lat' dir='ltr'>quod.</span> <span class='ocrx_word' id='word_1_386' title='bbox 1273 1969 1307 1997; x_wconf 84' lang='lat' dir='ltr'>in</span> 
     </span>
     <span class='ocr_line' id='line_1_75' title="bbox 734 2012 1306 2055; baseline -0.002 -11"><span class='ocrx_word' id='word_1_387' title='bbox 734 2012 924 2055; x_wconf 78' lang='grc' dir='ltr'>ἐπιφανείαις</span> <span class='ocrx_word' id='word_1_388' title='bbox 943 2014 1075 2044; x_wconf 88' lang='lat' dir='ltr'>deorum</span> <span class='ocrx_word' id='word_1_389' title='bbox 1095 2013 1164 2043; x_wconf 82' lang='lat' dir='ltr'>fieri</span> <span class='ocrx_word' id='word_1_390' title='bbox 1177 2014 1306 2044; x_wconf 80' lang='lat' dir='ltr'>solenne</span> 
     </span>
     <span class='ocr_line' id='line_1_76' title="bbox 730 2063 1304 2101; baseline 0 -11"><span class='ocrx_word' id='word_1_391' title='bbox 730 2068 787 2091; x_wconf 88' lang='lat' dir='ltr'>est.</span> <span class='ocrx_word' id='word_1_392' title='bbox 813 2063 893 2101; x_wconf 83' lang='lat' dir='ltr'>Quae</span> <span class='ocrx_word' id='word_1_393' title='bbox 914 2067 1108 2101; x_wconf 86' lang='lat' dir='ltr'>sequuntur,</span> <span class='ocrx_word' id='word_1_394' title='bbox 1129 2071 1202 2090; x_wconf 88' lang='lat' dir='ltr'>cum</span> <span class='ocrx_word' id='word_1_395' title='bbox 1220 2068 1304 2090; x_wconf 86' lang='lat' dir='ltr'>ante-</span> 
     </span>
     <span class='ocr_line' id='line_1_77' title="bbox 733 2107 1307 2149; baseline 0 -13"><span class='ocrx_word' id='word_1_396' title='bbox 733 2107 862 2137; x_wconf 87' lang='lat' dir='ltr'>cedente</span> <span class='ocrx_word' id='word_1_397' title='bbox 877 2109 1008 2149; x_wconf 85' lang='lat' dir='ltr'>jungere</span> <span class='ocrx_word' id='word_1_398' title='bbox 1028 2107 1117 2145; x_wconf 79' lang='lat' dir='ltr'>licet,</span> <span class='ocrx_word' id='word_1_399' title='bbox 1137 2114 1172 2136; x_wconf 82' lang='lat' dir='ltr'>ut</span> <span class='ocrx_word' id='word_1_400' title='bbox 1191 2115 1223 2137; x_wconf 80' lang='lat' dir='ltr'>et</span> <span class='ocrx_word' id='word_1_401' title='bbox 1238 2107 1307 2148; x_wconf 82' lang='lat' dir='ltr'>ipsa</span> 
     </span>
     <span class='ocr_line' id='line_1_78' title="bbox 732 2153 1305 2190; baseline -0.002 -7"><span class='ocrx_word' id='word_1_402' title='bbox 732 2161 830 2190; x_wconf 79' lang='lat' dir='ltr'>terra,</span> <span class='ocrx_word' id='word_1_403' title='bbox 848 2164 950 2190; x_wconf 82' lang='lat' dir='ltr'>mare,</span> <span class='ocrx_word' id='word_1_404' title='bbox 964 2153 1092 2190; x_wconf 79' lang='lat' dir='ltr'>coelum,</span> <span class='ocrx_word' id='word_1_405' title='bbox 1111 2161 1242 2190; x_wconf 51' lang='lat' dir='ltr'>autenm</span> <span class='ocrx_word' id='word_1_406' title='bbox 1258 2161 1305 2183; x_wconf 67' lang='lat' dir='ltr'>ut-</span> 
     </span>
     <span class='ocr_line' id='line_1_79' title="bbox 732 2200 1305 2240; baseline 0 -10"><span class='ocrx_word' id='word_1_407' title='bbox 732 2211 794 2240; x_wconf 85' lang='lat' dir='ltr'>que</span> <span class='ocrx_word' id='word_1_408' title='bbox 812 2200 997 2239; x_wconf 84' lang='lat' dir='ltr'>subjiciatur</span> <span class='ocrx_word' id='word_1_409' title='bbox 1021 2202 1065 2230; x_wconf 87' lang='lat' dir='ltr'>sic</span> <span class='ocrx_word' id='word_1_410' title='bbox 1087 2211 1121 2230; x_wconf 82' lang='lat' dir='ltr'>ac</span> <span class='ocrx_word' id='word_1_411' title='bbox 1146 2200 1305 2230; x_wconf 84' lang='lat' dir='ltr'>declaran-</span> 
     </span>
     <span class='ocr_line' id='line_1_80' title="bbox 732 2246 1307 2288; baseline 0 -13"><span class='ocrx_word' id='word_1_412' title='bbox 732 2246 803 2276; x_wconf 85' lang='lat' dir='ltr'>dam</span> <span class='ocrx_word' id='word_1_413' title='bbox 822 2257 961 2279; x_wconf 86' lang='lat' dir='ltr'>caussam</span> <span class='ocrx_word' id='word_1_414' title='bbox 978 2257 985 2279; x_wconf 89' lang='lat'>:</span> <span class='ocrx_word' id='word_1_415' title='bbox 1006 2247 1134 2288; x_wconf 76' lang='lat' dir='ltr'>adspice</span> <span class='ocrx_word' id='word_1_416' title='bbox 1151 2255 1185 2276; x_wconf 81' lang='lat' dir='ltr'>uc</span> <span class='ocrx_word' id='word_1_417' title='bbox 1198 2246 1307 2277; x_wconf 72' lang='lat' dir='ltr'>omnia</span> 
     </span>
    </p>
   </div>
   <div class='ocr_carea' id='block_1_4' title="bbox 1132 2312 1172 2347">
    <p class='ocr_par' dir='ltr' id='par_1_6' title="bbox 1132 2312 1172 2347">
     <span class='ocr_line' id='line_1_81' title="bbox 1132 2312 1172 2347; baseline 0 -22"><span class='ocrx_word' id='word_1_418' title='bbox 1132 2312 1172 2347; x_wconf 68' lang='lat'>5*</span> 
     </span>
    </p>
   </div>
  </div>
 </body>
</html>
