1408 2428
573 100 693 129 LIBER
718 101 759 129 II.
1214 99 1275 126 23'2

87 158 181 192 Sunt
203 165 238 192 et
258 156 434 192 Aminaeae
448 155 562 201 vites,
577 156 788 192 firmissima
801 155 888 193 vina
898 184 906 201 ,

85 215 237 252 Tmolus
258 224 294 251 et
314 215 480 264 adsurgit
499 215 636 264 quibus
657 225 693 251 et
712 229 780 252 rex
799 216 879 265 ipse
899 215 1098 261 Phanaeus,

85 277 301 325 Argitisque
316 276 455 321 minor,
474 276 535 312 cui
554 288 629 311 non
650 276 849 312 certaverit
869 276 943 312 ulla

86 338 163 371 Aut
183 345 326 372 tantum
343 335 478 380 fluere,
499 344 563 372 aut
582 335 739 372 totidem
758 335 895 372 durare
911 348 980 385 per
1000 347 1126 371 annos.
1227 353 1272 367 100

86 396 173 430 Non
191 407 259 444 ego
277 404 329 440 te,
350 395 405 431 dis
423 404 459 431 et
478 394 613 431 mensis
631 394 787 444 adcepta
806 394 994 439 secundis,

87 455 334 502 Transierim‚
355 453 521 500 Rhodia,
544 463 579 490 et
600 454 769 501 tumidis,
790 457 982 499 Bumaste‚
1005 456 1171 490 racemis.

136 567 191 595 97.
216 558 253 585 In
270 556 428 585 Amina’oe
448 562 479 585 et
501 556 654 595 scriptura

92 609 123 631 et
146 602 336 643 syllabarum
361 602 516 642 quantitas
535 603 654 631 variat:

90 649 167 677 hinc
186 649 235 678 vel
257 656 330 677 sunt
343 656 390 684 et,
411 647 460 676 vel
474 654 547 676 sunt
560 647 655 676 eciam

90 695 250 724 scribitur.
263 712 309 716 ——
321 693 435 722 Vinum
453 692 635 722 Aminneum
648 715 656 728 ‚

91 742 192 778 cnjus,
238 748 275 769 ut
314 741 461 769 xinorum
498 739 659 768 celebritas

90 797 203 826 parum
227 794 371 817 constans
390 796 424 815 ac
445 785 594 814 diuturna
612 795 658 814 es-

92 844 123 861 se
152 833 241 870 solet,
274 833 363 862 cultu
384 833 467 860 enim
494 830 659 861 deficiente

91 879 170 907 vites
194 880 320 918 optimae
339 878 428 907 facile
453 878 658 917 degenerant,

92 925 179 953 nulla
201 925 259 954 alia
282 925 440 960 memoria,
464 930 577 963 praeter
602 934 659 952 no—

93 971 201 1007 minis,
224 970 316 1000 nobis
332 977 440 1008 restat3
461 970 579 999 Graecae
598 970 659 998 ori-

94 1017 174 1056 ginis
198 1024 229 1046 et
254 1016 354 1046 Italici
378 1016 500 1053 cultus,
527 1026 600 1045 cum
626 1016 660 1044 in

94 1063 160 1091 aliis
183 1069 251 1092 tum
277 1064 309 1092 in
331 1062 469 1092 Falernis
492 1063 572 1102 agris
596 1072 659 1090 nia-

95 1110 228 1138 turuisse
264 1108 399 1138 xidetur.
438 1108 520 1138 conf.
553 1109 658 1147 Intpp.

95 1155 134 1183 ad
169 1154 201 1185 h.
232 1156 253 1185 l.
291 1162 320 1184 et
351 1155 388 1184 ad
420 1155 530 1184 Caton.
563 1154 593 1190 6,
629 1156 657 1183 3.

92 1201 203 1231 Multis
242 1203 350 1241 utique
386 1202 420 1230 in
461 1201 538 1230 locis
579 1200 659 1229 illud

93 1254 295 1284 memoratur,
322 1248 356 1276 in
384 1248 545 1282 Peucetia‚
574 1246 659 1276 Cala-

94 1293 171 1322 briae
185 1301 291 1334 parte,
314 1304 362 1333 ap.
390 1292 528 1334 Hesych.
554 1292 609 1321 uhi
626 1303 655 1322 v.

95 1341 200 1380 Intpp.
227 1341 261 1369 in
288 1340 402 1370 Tuscia
429 1346 460 1368 et
482 1340 514 1368 in
536 1339 655 1375 Sicih'a3

94 1387 229 1414 maxime
257 1386 411 1414 tamenin
433 1385 501 1414 solo
527 1385 656 1424 Campa-

95 1432 156 1460 niae
180 1432 322 1461 Macrob.
350 1433 412 1461 Sat.
440 1432 487 1467 II,
518 1431 557 1459 16
581 1441 656 1459 nam

96 1476 240 1506 Aminaei
250 1475 403 1518 fioerunt,
426 1476 479 1505 ubi
494 1487 578 1506 nunc
596 1478 657 1506 Fa-

96 1523 218 1552 lernum
244 1531 298 1553 est.
324 1524 363 1552 Et
388 1523 498 1553 Galen.
523 1523 544 1553 l.
574 1533 657 1552 c.—

97 1567 147 1598 ὅτε
181 1567 374 1603 Νεοίττολίτης
401 1568 414 1598 ὁ
441 1561 603 1611 Ᾰμιναὶος,
628 1568 655 1599 ἐν

96 1612 241 1658 τοῖςπερὶ
258 1613 412 1645 Νεάπολιν
435 1612 557 1657 χωρίοις
572 1613 658 1658 ’γενό-

96 1672 194 1703 μενος,
209 1659 272 1696 ὤςε
286 1658 340 1691 καὶ
356 1660 549 1702 ὀνομάζωσιν
564 1660 657 1696 οὕτως

96 1706 199 1738 αὐτόν.
214 1707 266 1737 Ad
279 1707 373 1737 colles
388 1709 585 1748 Leucogaeos,
605 1718 655 1737 su-

95 1764 151 1794 pra
174 1754 339 1794 'Neapolim
362 1764 469 1782 versus
485 1753 651 1791 Puteolos,

96 1800 192 1830 refert
204 1807 235 1830 et
249 1800 409 1830 Aminaeos
426 1799 537 1836 colles,
554 1806 584 1829 et
597 1800 654 1829 Fa-

97 1845 203 1876 lernos
235 1845 436 1876 Martorellus
468 1844 480 1886 (
499 1846 520 1874 I
547 1845 659 1875 Fenici

92 1891 194 1932 primi
214 1890 374 1922 Abitacori
396 1891 431 1920 di
453 1891 576 1931 Napoli
589 1898 611 1922 t.
632 1893 658 1929 Ι,

98 1949 130 1977 p.
155 1948 233 1976 171,
253 1936 347 1978 190).
363 1938 470 1977 Atque
489 1939 556 1975 ejus
590 1945 658 1967 tan-

98 1991 163 2013 tam
178 1995 217 2014 ex
239 1983 389 2013 diuturna
404 1983 549 2024 inprimis
567 1984 659 2014 boni-

98 2037 161 2060 tate
173 2030 384 2071 praestantiam
399 2029 544 2069 perhibet
558 2036 660 2070 poeta,

99 2083 136 2106 ut
159 2078 188 2106 ei
211 2076 288 2106 adeo
309 2076 421 2104 vinnm
451 2075 625 2113 Tmolimn,
644 2087 662 2106 a

99 2123 207 2163 Lydiae
222 2128 330 2152 monte
350 2122 449 2152 vineis
466 2122 661 2153 nobilissimo

99 2167 191 2211 (sup.
209 2170 267 2200 Ge.
284 2169 298 2196 I
310 2192 318 2205 ‚
337 2167 419 2208 56),
437 2175 468 2198 et
485 2167 661 2203 Phanoeum

97 2215 210 2255 (fuere
227 2216 355 2251 Phanae,
372 2213 487 2253 Φοίναι,
501 2221 610 2255 portus
631 2223 662 2246 et

708 555 962 596 promontorium
981 554 1049 585 Chii
1061 555 1188 591 insulae,
1206 565 1276 594 qua*

710 602 783 631 alias
798 603 874 631 vino
891 601 1015 631 sz'sio
1033 601 1148 631 nobilis
1162 607 1226 636 est3
1243 603 1276 629 in

711 658 747 677 eo
771 648 924 688 templum
943 648 1101 688 Apollinis
1118 647 1242 677 Phanaei
1253 647 1275 686 )‚

711 693 899 733 adsurgere,
921 693 1048 731 cedere,
1072 705 1102 723 v.
1132 693 1197 722 Ecl.
1217 694 1276 725 VI.

713 739 776 775 66,
801 739 893 769 dicat.
908 758 954 762 -—
974 741 1027 780 98.
1058 739 1141 769 Editi
1170 749 1278 768 omnes

716 785 842 813 Tmolus
866 796 877 814 .·
902 797 973 815 mss.
1003 796 1078 814 vero
1115 785 1272 818 Tmolius,

716 830 872 866 Timolus,
894 831 944 860 vel
974 830 1144 860 Thmolius.
1161 832 1278 871 Regem

712 876 879 915 quemdam
893 884 927 906 ut
942 883 972 906 et
982 876 1174 912 Plzanaeam,
1189 877 1277 906 intel-

712 922 780 962 ligit
802 924 973 952 Burmann.
996 930 1136 952 montem
1149 946 1156 960 ,
1172 924 1275 963 Heyn.

714 975 744 997 et
757 979 815 1008 pro
832 970 907 998 vino
927 969 1048 998 dictum
1059 992 1067 1006 ,
1084 969 1171 1009 quod
1188 970 1223 998 in
1240 980 1277 998 eo

713 1016 863 1045 nascitur.
881 1016 934 1045 An
949 1017 987 1045 sit
1008 1015 1091 1045 idem
1114 1026 1222 1051 mons,
1240 1016 1278 1044 de

713 1072 777 1100 quo
802 1062 865 1099 jam
894 1063 928 1099 I,
963 1063 1004 1091 55
1038 1063 1157 1091 Nonne
1184 1061 1277 1091 vides

713 1118 836 1136 croceos
852 1115 886 1136 ut
903 1109 1029 1138 Tmolus
1043 1109 1154 1137 odores
1163 1115 1221 1138 etc.
1233 1125 1278 1130 ——

714 1164 768 1193 99.
786 1154 865 1184 Cum
880 1154 959 1184 iuis:
978 1156 1056 1184 Sum
1073 1154 1169 1184 etiam
1188 1156 1279 1183 Ami-

714 1210 794 1229 ηαίε
812 1200 896 1229 'viles
908 1202 1005 1241 junge
1021 1201 1204 1241 Argitisque
1223 1202 1279 1230 mi-

713 1257 780 1275 nor.
797 1248 849 1275 Est
864 1248 956 1275 etiam
973 1249 1091 1288 Argitis
1107 1248 1190 1284 vitis,
1208 1257 1280 1278 uva.

710 1285 834 1335 Ᾰργῖτις
856 1292 896 1321 ab
920 1290 1032 1336 ἀργὸς,
1055 1294 1143 1333 quod
1169 1294 1279 1324 vinum

712 1338 881 1368 candidum
899 1338 1013 1370 reddit.
1033 1341 1087 1369 Est
1103 1346 1208 1369 autem
1222 1340 1280 1369 mi-

711 1395 771 1413 nor
783 1391 814 1413 et
830 1384 942 1425 major,
961 1386 1000 1415 cf.
1023 1385 1146 1416 Colum.
1167 1387 1231 1422 ΙΙΙ,
1250 1397 1279 1422 1,

712 1441 765 1460 21.
793 1448 839 1453 —
864 1430 1077 1472 Archimsque
1100 1432 1178 1461 alter
1202 1434 1278 1462 Rot-

710 1476 795 1507 tend.
823 1477 1013 1518 Argutisque
1032 1478 1141 1519 fragm.
1162 1480 1279 1508 Moret.

710 1524 785 1552 Non
803 1523 854 1552 cui
869 1525 950 1553 Ven.
970 1542 1016 1546 —-
1035 1535 1108 1554 100.
1124 1526 1166 1554 Ea
1189 1526 1277 1562 vitis,

709 1570 786 1598 vino
816 1571 960 1609 inprimis
984 1570 1158 1608 abundans,
1184 1569 1279 1600 πολὺ·

711 1624 803 1652 οινος,
827 1622 883 1652 est,
912 1626 1012 1656 eoque
1038 1615 1133 1646 firmo
1160 1627 1195 1646 ac
1222 1617 1279 1646 du-

712 1661 814 1691 rabili.

763 1718 837 1737 101.
853 1708 973 1737 Vinum
990 1708 1145 1739 Rhodium
1157 1731 1166 1746 ‚
1187 1710 1277 1746 eujus

706 1754 739 1783 in
770 1753 884 1782 mensis
915 1754 1060 1784 secundis
1086 1765 1162 1784 usus
1191 1761 1277 1792 erat;

710 1810 846 1839 cumque
869 1799 906 1829 de
931 1811 968 1830 eo
993 1807 1063 1831 ante
1086 1802 1193 1831 omnia
1216 1801 1277 1830 diis

710 1845 874 1884 libaretur,
893 1845 968 1875 hinc
991 1848 1062 1876 vitis
1077 1846 1204 1876 Rhodia
1228 1846 1277 1876 dis

712 1899 861 1932 accepta,
877 1899 962 1933 grata
985 1900 1016 1922 et
1034 1893 1150 1922 mensis
1167 1903 1276 1922 secun-

713 1937 772 1974 dis,
788 1938 852 1968 fere
865 1945 902 1967 ut
919 1939 1005 1978 apud
1022 1940 1132 1969 Horat.
1149 1940 1208 1977 111,
1224 1949 1276 1976 11,

717 1995 732 2022 7
753 1983 821 2024 lyra
838 1983 977 2014 Divitmn
997 1984 1114 2014 mensis
1128 1993 1160 2015 et
1170 1984 1278 2014 amica

714 2030 849 2070 templis.
877 2048 924 2053 —-
942 2041 1015 2061 102.
1044 2031 1190 2061 Gravidis
1211 2033 1276 2061 Bu-

716 2084 817 2106 maste
838 2077 990 2115 racemis,
1006 2088 1088 2107 unns
1112 2077 1216 2108 Mead.
1237 2088 1278 2108 ex

713 2123 982 2163 interpretatione.
993 2141 1039 2146 —-
1049 2124 1128 2154 Plin.
1147 2125 1235 2161 XIV,
1251 2135 1279 2161 1,

714 2180 738 2199 s.
757 2170 774 2198 3
793 2171 929 2199 Tument
947 2181 1158 2200 mammarum
1187 2170 1280 2200 modo

715 2216 860 2253 beztnasti,
880 2214 1019 2259 βευμαςε
1026 2214 1043 2247 ί.

1061 2269 1126 2305 20*
