1408 2428
628 68 743 98 VITA.
1221 77 1287 96 xxv

86 129 128 165 L.
151 126 308 163 Varium
321 153 331 173 ,
359 133 395 162 et
425 124 588 162 Plotium
612 128 796 172 Tuccam,
828 125 894 175 qui
921 126 1000 176 ejus
1025 132 1110 174 post
1139 124 1286 161 obitum

86 186 300 232 AEneidem‚
318 185 474 223 sublatis
490 193 635 223 tantum
652 186 796 235 aliquot
811 185 1002 231 versibus,
1018 184 1121 221 nullo
1138 183 1286 230 addito,

85 247 392 284 emendaverunt.

135 309 194 344 De
211 307 366 345 consilio
387 306 596 344 cremandae
614 307 793 344 AEneidos
804 335 814 354 ,
840 315 987 344 exstant
1012 305 1170 356 Sulpicii
1189 307 1281 342 Car-

84 367 326 417 thaginiensis
342 381 491 415 versus,
509 380 673 418 quorum
690 368 842 405 initium
858 375 914 404 est
924 383 934 414 3

243 473 264 502 J
267 478 385 501 usserat
399 470 466 500 haec
486 469 603 511 rapidis
622 468 742 499 aboleri
760 468 901 498 carmina
918 466 1051 497 flammis

246 527 397 567 Virgilius
406 549 414 563 ‚
431 532 490 556 etc.

133 606 235 652 Quin
258 615 295 644 et
314 607 388 657 ipsi
412 609 585 657 Augusto
610 619 687 643 non
713 606 800 643 satis
831 613 935 642 certa
962 605 1035 642 fide
1062 602 1282 640 tribuuntur

80 666 143 703 alii
159 668 306 717 plures,
325 667 399 704 hoc
421 667 600 714 exordio3

241 770 366 809 Ergone
380 768 535 808 supremis
549 768 656 808 potuit
670 778 736 797 vox
754 766 899 808 improba
918 766 1038 799 verbis,

242 823 320 851 Tam
334 821 440 851 dirum
459 820 607 850 mandare
625 819 711 850 nefas
723 843 732 859 ‚
746 826 805 850 etc.

128 928 257 966 Fuisse
282 927 445 966 traditur
471 937 614 966 statura
641 927 792 978 grandi,
819 927 987 977 aquilino
1013 927 1158 973 colore,
1184 925 1277 963 facie

75 987 283 1034 rusticana,
299 988 516 1024 valetudine
535 988 661 1033 varia,
679 1001 797 1036 quum
822 988 1047 1037 plerumque
1063 985 1276 1031 stomacho,

75 1048 247 1085 faucibus
265 1062 308 1084 ac
324 1047 455 1084 dolore
472 1047 604 1097 capitis
620 1047 832 1093 laboraret,
847 1047 1066 1097 sanguinem
1083 1047 1196 1083 etiam
1212 1059 1279 1083 sae-

72 1109 158 1158 pius
179 1109 350 1159 ejiceret,
371 1108 446 1146 cibi
462 1108 618 1159 vinique
634 1108 887 1158 parcissimus.
906 1107 1076 1144 Possedit
1094 1107 1173 1144 fere
1191 1120 1278 1143 ecn-

73 1167 143 1204 ties
177 1169 390 1206 sestertium
424 1183 471 1206 ex
504 1168 769 1219 largitionibus
803 1170 1035 1215 amicorum3
1065 1166 1276 1216 habuitque

74 1226 229 1265 domum
260 1232 391 1265 Romae
420 1230 460 1265 in
494 1228 696 1278 Esquiliis,
722 1229 832 1278 juxta
868 1227 999 1263 hortos
1032 1226 1274 1270 Maecenatis,

75 1299 302 1337 quamquam
331 1301 478 1325 secessu
496 1288 709 1339 Campaniae
731 1286 943 1336 Siciliaeque
963 1286 1169 1335 plurimum
1189 1293 1275 1320 ute-

73 1343 198 1384 batur.

126 1408 254 1456 Egisse
277 1422 426 1447 causam
454 1409 593 1447 dicitur
613 1409 726 1446 semel
746 1407 919 1455 omnino;
946 1418 1117 1444 sermone
1136 1403 1272 1442 tardis-

72 1466 187 1504 simus
206 1482 249 1504 ac
265 1483 371 1518 paene
387 1470 539 1506 indocto
557 1470 697 1506 similis.
718 1469 849 1506 Tradit
863 1471 916 1506 M.
935 1471 1094 1513 Seneca,
1110 1474 1153 1502 ut
1169 1465 1273 1503 Cice-

73 1538 203 1562 ronem
216 1528 430 1577 eloquentia
446 1542 513 1565 sua
529 1529 567 1565 in
584 1529 813 1565 carminibus
830 1529 906 1565 suis
925 1527 1107 1571 destituit,
1124 1526 1176 1562 ita
1186 1524 1270 1560 Vir-

71 1586 160 1635 gilio
176 1587 275 1624 illam
291 1588 431 1638 ingenii
450 1589 665 1625 felicitatem
682 1589 720 1624 in
735 1588 907 1623 oratioue
928 1587 1050 1623 soluta
1067 1586 1241 1622 defuisse.

123 1650 243 1686 Tanta
273 1649 343 1685 suit
373 1662 522 1686 morum
554 1649 746 1694 castitate,
779 1656 822 1684 ut
852 1647 1012 1698 Neapoli
1047 1645 1268 1683 Parthenias

69 1708 183 1759 vulgo
217 1709 423 1757 diceretur3
452 1719 555 1747 tanta
580 1709 784 1755 modestia,
809 1718 851 1746 ut
879 1708 910 1745 si
936 1707 1089 1758 quando
1118 1709 1267 1749 Romae,

54 1776 145 1817 ‘quo
174 1782 262 1805 raro
291 1769 550 1817 commeabat,
580 1770 768 1806 wiseretur
798 1768 837 1805 in
869 1768 1048 1819 publico,
1083 1773 1267 1803 sectantes

68 1839 477 1879 commonstrantes-que
502 1844 541 1867 se
563 1829 869 1880 subterfugeret:
893 1843 964 1866 nec
995 1839 1119 1866 tamen
1144 1826 1266 1863 caruit

69 1889 195 1926 fructu
219 1889 360 1936 laudis,
387 1904 470 1940 quae
496 1891 585 1927 dum
611 1890 854 1940 repudiatur,
882 1889 1111 1927 cumulatior
1138 1886 1266 1923 redire

69 1948 163 1986 solet
180 1961 188 1983 ε
208 1962 294 1986 nam
315 1951 496 2000 populus,
518 1950 654 1987 auditis
680 1951 719 1986 in
736 1950 885 1987 theatro
901 1948 1051 1998 Virgilii
1073 1945 1267 1992 versibus,

67 2008 232 2045 surrexit
251 2010 466 2056 universus,
483 2019 519 2047 et
536 2024 621 2047 eum
644 2011 740 2046 forte
764 2018 987 2060 praesentem
1010 2015 1263 2058 spectantem-

67 2081 141 2118 que
167 2069 220 2106 sic
241 2079 441 2107 veneratus
464 2079 541 2116 est,
568 2071 674 2120 quasi
700 2073 923 2120 Augustum.
953 2073 1079 2116 Quum
1108 2068 1264 2118 quidam

66 2139 198 2165 versus
223 2127 269 2165 ab
290 2141 334 2165 eo
355 2129 472 2167 factos
492 2129 565 2166 sibi
588 2129 863 2176 adscriberent,
887 2128 926 2166 id
945 2142 1020 2165 non
1047 2128 1160 2165 modo
1184 2140 1262 2164 non

53 2198 167 2236 ·aegre
187 2187 352 2237 ferebat,
373 2189 439 2227 sed
460 2202 527 2227 sua
548 2189 661 2227 etiam
680 2190 719 2227 in
746 2189 827 2227 aliis
854 2188 1000 2227 laudari
1017 2188 1261 2227 libentissime

214 2249 243 2283 I.
700 2253 703 2256 ⁴
1084 2261 1104 2282 c
