<?xml version="1.0" encoding="UTF-8"?>
<!DOCTYPE html PUBLIC "-//W3C//DTD XHTML 1.0 Transitional//EN"
    "http://www.w3.org/TR/xhtml1/DTD/xhtml1-transitional.dtd">
<html xmlns="http://www.w3.org/1999/xhtml" xml:lang="en" lang="en">
 <head>
  <title>
</title>
<meta http-equiv="Content-Type" content="text/html;charset=utf-8" />
  <meta name='ocr-system' content='tesseract 3.04.00' />
  <meta name='ocr-capabilities' content='ocr_page ocr_carea ocr_par ocr_line ocrx_word'/>
</head>
<body>
  <div class='ocr_page' id='page_1' title='image "./operahey01virguoft_0437.png"; bbox 0 0 1377 2428; ppageno 0'>
   <div class='ocr_carea' id='block_1_1' title="bbox 551 86 753 116">
    <p class='ocr_par' dir='ltr' id='par_1_1' title="bbox 551 86 753 116">
     <span class='ocr_line' id='line_1_1' title="bbox 551 86 753 116; baseline 0.005 -2"><span class='ocrx_word' id='word_1_1' title='bbox 551 86 672 116; x_wconf 81' lang='lat' dir='ltr'>LIBER</span> <span class='ocrx_word' id='word_1_2' title='bbox 697 86 753 115; x_wconf 66' lang='lat' dir='ltr'>IV,</span> 
     </span>
    </p>
   </div>
   <div class='ocr_carea' id='block_1_2' title="bbox 58 140 1073 370">
    <p class='ocr_par' dir='ltr' id='par_1_2' title="bbox 58 140 1073 310">
     <span class='ocr_line' id='line_1_2' title="bbox 60 140 1000 191; baseline 0 -14"><span class='ocrx_word' id='word_1_3' title='bbox 60 141 219 191; x_wconf 80' lang='lat' dir='ltr'>Eligitur</span> <span class='ocrx_word' id='word_1_4' title='bbox 239 141 353 177; x_wconf 88' lang='lat' dir='ltr'>locus.</span> <span class='ocrx_word' id='word_1_5' title='bbox 371 144 481 177; x_wconf 90' lang='lat' dir='ltr'>Hunc</span> <span class='ocrx_word' id='word_1_6' title='bbox 499 141 721 190; x_wconf 72' lang='lat' dir='ltr'>angustique</span> <span class='ocrx_word' id='word_1_7' title='bbox 738 140 894 177; x_wconf 83' lang='lat' dir='ltr'>imbrice</span> <span class='ocrx_word' id='word_1_8' title='bbox 913 143 1000 177; x_wconf 82' lang='lat' dir='ltr'>tecti</span> 
     </span>
     <span class='ocr_line' id='line_1_3' title="bbox 58 200 1073 251; baseline -0.001 -14"><span class='ocrx_word' id='word_1_9' title='bbox 58 202 344 251; x_wconf 81' lang='lat' dir='ltr'>Parietibusque</span> <span class='ocrx_word' id='word_1_10' title='bbox 361 209 536 250; x_wconf 86' lang='lat' dir='ltr'>premunt</span> <span class='ocrx_word' id='word_1_11' title='bbox 553 202 641 238; x_wconf 82' lang='lat' dir='ltr'>artis</span> <span class='ocrx_word' id='word_1_12' title='bbox 651 229 661 247; x_wconf 87' lang='grc'>,</span> <span class='ocrx_word' id='word_1_13' title='bbox 679 209 715 237; x_wconf 89' lang='lat' dir='ltr'>ct</span> <span class='ocrx_word' id='word_1_14' title='bbox 731 208 894 250; x_wconf 82' lang='lat' dir='ltr'>quatuor</span> <span class='ocrx_word' id='word_1_15' title='bbox 911 200 1073 246; x_wconf 85' lang='lat' dir='ltr'>addunt,</span> 
     </span>
     <span class='ocr_line' id='line_1_4' title="bbox 62 261 926 310; baseline 0 -12"><span class='ocrx_word' id='word_1_16' title='bbox 62 264 235 307; x_wconf 85' lang='lat' dir='ltr'>Quatuor</span> <span class='ocrx_word' id='word_1_17' title='bbox 252 276 273 298; x_wconf 84' lang='lat' dir='ltr'><strong>a</strong></span> <span class='ocrx_word' id='word_1_18' title='bbox 288 261 426 307; x_wconf 82' lang='lat' dir='ltr'>ventis,</span> <span class='ocrx_word' id='word_1_19' title='bbox 441 261 596 310; x_wconf 82' lang='lat' dir='ltr'>obliqua</span> <span class='ocrx_word' id='word_1_20' title='bbox 610 262 693 298; x_wconf 83' lang='lat' dir='ltr'>lucc</span> <span class='ocrx_word' id='word_1_21' title='bbox 705 290 714 307; x_wconf 86' lang='lat'><strong><em>,</em></strong></span> <span class='ocrx_word' id='word_1_22' title='bbox 736 262 926 298; x_wconf 73' lang='lat' dir='ltr'>fenestras.</span> 
     </span>
    </p>

    <p class='ocr_par' dir='ltr' id='par_1_3' title="bbox 59 320 1030 370">
     <span class='ocr_line' id='line_1_5' title="bbox 59 320 1030 370; baseline 0.001 -13"><span class='ocrx_word' id='word_1_23' title='bbox 59 324 155 357; x_wconf 85' lang='lat' dir='ltr'>Tum</span> <span class='ocrx_word' id='word_1_24' title='bbox 170 322 326 366; x_wconf 85' lang='lat' dir='ltr'>vitulus,</span> <span class='ocrx_word' id='word_1_25' title='bbox 344 320 445 357; x_wconf 86' lang='lat' dir='ltr'>bima</span> <span class='ocrx_word' id='word_1_26' title='bbox 464 334 622 357; x_wconf 75' lang='lat' dir='ltr'>curvans</span> <span class='ocrx_word' id='word_1_27' title='bbox 636 322 713 370; x_wconf 84' lang='lat' dir='ltr'>jam</span> <span class='ocrx_word' id='word_1_28' title='bbox 729 335 870 358; x_wconf 85' lang='lat' dir='ltr'>cornua</span> <span class='ocrx_word' id='word_1_29' title='bbox 889 322 1030 367; x_wconf 85' lang='lat' dir='ltr'>fronte,</span> 
     </span>
    </p>
   </div>
   <div class='ocr_carea' id='block_1_3' title="bbox 51 381 1013 431">
    <p class='ocr_par' dir='ltr' id='par_1_4' title="bbox 51 381 1013 431">
     <span class='ocr_line' id='line_1_6' title="bbox 51 381 1013 431; baseline 0.002 -14"><span class='ocrx_word' id='word_1_30' title='bbox 51 382 265 426; x_wconf 66' lang='lat' dir='ltr'>Quaeritur:</span> <span class='ocrx_word' id='word_1_31' title='bbox 287 381 375 418; x_wconf 89' lang='lat' dir='ltr'>huic</span> <span class='ocrx_word' id='word_1_32' title='bbox 395 381 550 431; x_wconf 78' lang='lat' dir='ltr'>geminae</span> <span class='ocrx_word' id='word_1_33' title='bbox 566 395 675 418; x_wconf 84' lang='lat' dir='ltr'>nares</span> <span class='ocrx_word' id='word_1_34' title='bbox 687 410 696 427; x_wconf 88' lang='lat'>‚</span> <span class='ocrx_word' id='word_1_35' title='bbox 714 390 750 417; x_wconf 88' lang='lat' dir='ltr'>et</span> <span class='ocrx_word' id='word_1_36' title='bbox 766 382 920 431; x_wconf 73' lang='lat' dir='ltr'>spiritus</span> <span class='ocrx_word' id='word_1_37' title='bbox 938 383 1013 419; x_wconf 82' lang='lat' dir='ltr'>oris</span> 
     </span>
    </p>
   </div>
   <div class='ocr_carea' id='block_1_4' title="bbox 45 441 1111 670">
    <p class='ocr_par' dir='ltr' id='par_1_5' title="bbox 45 441 995 550">
     <span class='ocr_line' id='line_1_7' title="bbox 45 441 989 491; baseline 0.001 -15"><span class='ocrx_word' id='word_1_38' title='bbox 45 442 165 478; x_wconf 84' lang='lat' dir='ltr'>Multa</span> <span class='ocrx_word' id='word_1_39' title='bbox 182 441 379 478; x_wconf 80' lang='lat' dir='ltr'>reluctanti</span> <span class='ocrx_word' id='word_1_40' title='bbox 396 441 585 487; x_wconf 75' lang='lat' dir='ltr'>obsuitur,</span> <span class='ocrx_word' id='word_1_41' title='bbox 603 442 797 491; x_wconf 81' lang='lat' dir='ltr'>plagisque</span> <span class='ocrx_word' id='word_1_42' title='bbox 817 450 989 491; x_wconf 79' lang='lat' dir='ltr'>peremto</span> 
     </span>
     <span class='ocr_line' id='line_1_8' title="bbox 46 501 995 550; baseline -0.001 -12"><span class='ocrx_word' id='word_1_43' title='bbox 46 504 170 538; x_wconf 83' lang='lat' dir='ltr'>Tunsa</span> <span class='ocrx_word' id='word_1_44' title='bbox 188 514 256 550; x_wconf 84' lang='lat' dir='ltr'>per</span> <span class='ocrx_word' id='word_1_45' title='bbox 271 502 455 550; x_wconf 80' lang='lat' dir='ltr'>integram</span> <span class='ocrx_word' id='word_1_46' title='bbox 472 502 669 538; x_wconf 83' lang='lat' dir='ltr'>solvuntur</span> <span class='ocrx_word' id='word_1_47' title='bbox 684 501 831 538; x_wconf 78' lang='lat' dir='ltr'>viscera</span> <span class='ocrx_word' id='word_1_48' title='bbox 848 502 995 550; x_wconf 84' lang='lat' dir='ltr'>pellem.</span> 
     </span>
    </p>

    <p class='ocr_par' dir='ltr' id='par_1_6' title="bbox 47 561 1111 670">
     <span class='ocr_line' id='line_1_9' title="bbox 49 561 1024 610; baseline -0.002 -13"><span class='ocrx_word' id='word_1_49' title='bbox 49 561 110 597; x_wconf 88' lang='lat' dir='ltr'>Sic</span> <span class='ocrx_word' id='word_1_50' title='bbox 129 561 292 609; x_wconf 79' lang='lat' dir='ltr'>positum</span> <span class='ocrx_word' id='word_1_51' title='bbox 310 561 345 596; x_wconf 88' lang='lat' dir='ltr'>in</span> <span class='ocrx_word' id='word_1_52' title='bbox 364 561 489 597; x_wconf 83' lang='lat' dir='ltr'>clauso</span> <span class='ocrx_word' id='word_1_53' title='bbox 504 561 696 610; x_wconf 84' lang='lat' dir='ltr'>linquunt,</span> <span class='ocrx_word' id='word_1_54' title='bbox 714 570 750 597; x_wconf 85' lang='lat' dir='ltr'>et</span> <span class='ocrx_word' id='word_1_55' title='bbox 768 574 893 597; x_wconf 83' lang='lat' dir='ltr'>ramea</span> <span class='ocrx_word' id='word_1_56' title='bbox 911 561 1024 597; x_wconf 70' lang='lat' dir='ltr'>costis</span> 
     </span>
     <span class='ocr_line' id='line_1_10' title="bbox 47 619 1111 670; baseline 0 -14"><span class='ocrx_word' id='word_1_57' title='bbox 47 619 259 669; x_wconf 85' lang='lat' dir='ltr'>Subjiciunt</span> <span class='ocrx_word' id='word_1_58' title='bbox 276 620 497 669; x_wconf 73' lang='lat' dir='ltr'>fragmenta,</span> <span class='ocrx_word' id='word_1_59' title='bbox 516 621 703 669; x_wconf 77' lang='lat' dir='ltr'>thymum,</span> <span class='ocrx_word' id='word_1_60' title='bbox 724 620 916 670; x_wconf 80' lang='lat' dir='ltr'>casiasque</span> <span class='ocrx_word' id='word_1_61' title='bbox 935 619 1111 657; x_wconf 82' lang='lat' dir='ltr'>recentis.</span> 
     </span>
    </p>
   </div>
   <div class='ocr_carea' id='block_1_5' title="bbox 35 726 639 2244">
    <p class='ocr_par' dir='ltr' id='par_1_7' title="bbox 35 726 639 2244">
     <span class='ocr_line' id='line_1_11' title="bbox 50 726 617 766; baseline 0.002 -11"><span class='ocrx_word' id='word_1_62' title='bbox 50 734 117 755; x_wconf 82' lang='lat' dir='ltr'>tum</span> <span class='ocrx_word' id='word_1_63' title='bbox 144 737 184 755; x_wconf 81' lang='lat' dir='ltr'>ex</span> <span class='ocrx_word' id='word_1_64' title='bbox 210 726 393 756; x_wconf 84' lang='lat' dir='ltr'>Florentino</span> <span class='ocrx_word' id='word_1_65' title='bbox 416 727 450 755; x_wconf 91' lang='lat' dir='ltr'>in</span> <span class='ocrx_word' id='word_1_66' title='bbox 473 727 617 766; x_wconf 81' lang='lat' dir='ltr'>Geopon.</span> 
     </span>
     <span class='ocr_line' id='line_1_12' title="bbox 50 772 617 812; baseline 0.002 -11"><span class='ocrx_word' id='word_1_67' title='bbox 50 774 123 809; x_wconf 85' lang='lat' dir='ltr'>XV,</span> <span class='ocrx_word' id='word_1_68' title='bbox 150 783 187 807; x_wconf 83' lang='lat'>2,</span> <span class='ocrx_word' id='word_1_69' title='bbox 215 783 247 812; x_wconf 89' lang='lat' dir='ltr'>p.</span> <span class='ocrx_word' id='word_1_70' title='bbox 271 772 332 808; x_wconf 85' lang='grc'>406</span> <span class='ocrx_word' id='word_1_71' title='bbox 359 782 425 812; x_wconf 77' lang='lat' dir='ltr'>sqq.</span> <span class='ocrx_word' id='word_1_72' title='bbox 452 772 504 812; x_wconf 88' lang='lat' dir='ltr'>(p.</span> <span class='ocrx_word' id='word_1_73' title='bbox 533 783 617 810; x_wconf 81' lang='lat'>1070</span> 
     </span>
     <span class='ocr_line' id='line_1_13' title="bbox 50 818 620 859; baseline 0 -12"><span class='ocrx_word' id='word_1_74' title='bbox 50 829 96 858; x_wconf 86' lang='lat' dir='ltr'>sq.</span> <span class='ocrx_word' id='word_1_75' title='bbox 114 818 218 859; x_wconf 66' lang='lat' dir='ltr'>Mel.)</span> <span class='ocrx_word' id='word_1_76' title='bbox 236 821 394 858; x_wconf 83' lang='lat' dir='ltr'>Sequutus</span> <span class='ocrx_word' id='word_1_77' title='bbox 416 818 494 847; x_wconf 82' lang='lat' dir='ltr'>forte.</span> <span class='ocrx_word' id='word_1_78' title='bbox 514 825 620 848; x_wconf 80' lang='lat' dir='ltr'>noster</span> 
     </span>
     <span class='ocr_line' id='line_1_14' title="bbox 50 864 620 901; baseline 0 -8"><span class='ocrx_word' id='word_1_79' title='bbox 50 872 116 894; x_wconf 82' lang='lat' dir='ltr'>erat</span> <span class='ocrx_word' id='word_1_80' title='bbox 133 866 309 894; x_wconf 77' lang='lat' dir='ltr'>Varronem</span> <span class='ocrx_word' id='word_1_81' title='bbox 322 886 330 900; x_wconf 89' lang='lat'>‚</span> <span class='ocrx_word' id='word_1_82' title='bbox 347 865 438 901; x_wconf 83' lang='lat' dir='ltr'>cujus</span> <span class='ocrx_word' id='word_1_83' title='bbox 458 864 515 894; x_wconf 84' lang='lat' dir='ltr'>hac</span> <span class='ocrx_word' id='word_1_84' title='bbox 532 864 570 893; x_wconf 85' lang='lat' dir='ltr'>de</span> <span class='ocrx_word' id='word_1_85' title='bbox 587 875 620 894; x_wconf 87' lang='lat' dir='ltr'>re</span> 
     </span>
     <span class='ocr_line' id='line_1_15' title="bbox 50 911 621 951; baseline -0.002 -11"><span class='ocrx_word' id='word_1_86' title='bbox 50 911 157 946; x_wconf 87' lang='lat' dir='ltr'>locus,</span> <span class='ocrx_word' id='word_1_87' title='bbox 178 911 215 940; x_wconf 83' lang='lat' dir='ltr'>ad</span> <span class='ocrx_word' id='word_1_88' title='bbox 232 922 327 951; x_wconf 86' lang='lat' dir='ltr'>quem</span> <span class='ocrx_word' id='word_1_89' title='bbox 340 911 540 941; x_wconf 81' lang='lat' dir='ltr'>Florentinus</span> <span class='ocrx_word' id='word_1_90' title='bbox 550 921 621 951; x_wconf 84' lang='lat' dir='ltr'>pro-</span> 
     </span>
     <span class='ocr_line' id='line_1_16' title="bbox 51 957 621 994; baseline 0 -8"><span class='ocrx_word' id='word_1_91' title='bbox 51 965 161 994; x_wconf 85' lang='lat' dir='ltr'>vocat,</span> <span class='ocrx_word' id='word_1_92' title='bbox 177 957 370 987; x_wconf 73' lang='lat' dir='ltr'>intercidisse</span> <span class='ocrx_word' id='word_1_93' title='bbox 384 957 519 987; x_wconf 81' lang='lat' dir='ltr'>videtur.</span> <span class='ocrx_word' id='word_1_94' title='bbox 543 958 621 986; x_wconf 82' lang='lat' dir='ltr'>Con-</span> 
     </span>
     <span class='ocr_line' id='line_1_17' title="bbox 51 1004 639 1044; baseline -0.002 -11"><span class='ocrx_word' id='word_1_95' title='bbox 51 1011 185 1040; x_wconf 79' lang='lat' dir='ltr'>tractus,</span> <span class='ocrx_word' id='word_1_96' title='bbox 205 1011 377 1041; x_wconf 83' lang='lat' dir='ltr'>coartatus‚</span> <span class='ocrx_word' id='word_1_97' title='bbox 394 1004 494 1044; x_wconf 85' lang='lat' dir='ltr'>spatio</span> <span class='ocrx_word' id='word_1_98' title='bbox 511 1013 639 1043; x_wconf 77' lang='lat' dir='ltr'>angus-.</span> 
     </span>
     <span class='ocr_line' id='line_1_18' title="bbox 55 1050 620 1089; baseline -0.002 -9"><span class='ocrx_word' id='word_1_99' title='bbox 55 1057 86 1080; x_wconf 90' lang='lat' dir='ltr'>to</span> <span class='ocrx_word' id='word_1_100' title='bbox 101 1050 201 1080; x_wconf 85' lang='lat' dir='ltr'>factus</span> <span class='ocrx_word' id='word_1_101' title='bbox 212 1072 220 1085; x_wconf 87' lang='lat'>‚</span> <span class='ocrx_word' id='word_1_102' title='bbox 238 1050 276 1079; x_wconf 89' lang='lat' dir='ltr'>ad</span> <span class='ocrx_word' id='word_1_103' title='bbox 292 1050 379 1079; x_wconf 88' lang='lat' dir='ltr'>huuc</span> <span class='ocrx_word' id='word_1_104' title='bbox 396 1051 499 1089; x_wconf 85' lang='lat' dir='ltr'>ipsum</span> <span class='ocrx_word' id='word_1_105' title='bbox 516 1060 620 1086; x_wconf 82' lang='lat' dir='ltr'>usum,</span> 
     </span>
     <span class='ocr_line' id='line_1_19' title="bbox 56 1091 623 1133; baseline 0 -8"><span class='ocrx_word' id='word_1_106' title='bbox 56 1096 159 1131; x_wconf 85' lang='lat' dir='ltr'>locus,</span> <span class='ocrx_word' id='word_1_107' title='bbox 191 1091 282 1133; x_wconf 72' lang='grc' dir='ltr'>οἶκος,</span> <span class='ocrx_word' id='word_1_108' title='bbox 309 1096 418 1125; x_wconf 82' lang='lat' dir='ltr'>decem</span> <span class='ocrx_word' id='word_1_109' title='bbox 451 1096 623 1125; x_wconf 75' lang='lat' dir='ltr'>cubitorum</span> 
     </span>
     <span class='ocr_line' id='line_1_20' title="bbox 58 1142 620 1178; baseline -0.004 -6"><span class='ocrx_word' id='word_1_110' title='bbox 58 1143 90 1172; x_wconf 84' lang='lat' dir='ltr'>in</span> <span class='ocrx_word' id='word_1_111' title='bbox 113 1142 315 1172; x_wconf 77' lang='lat' dir='ltr'>altitudinem</span> <span class='ocrx_word' id='word_1_112' title='bbox 347 1151 379 1172; x_wconf 81' lang='lat' dir='ltr'>et</span> <span class='ocrx_word' id='word_1_113' title='bbox 400 1142 620 1178; x_wconf 82' lang='lat' dir='ltr'>latitudinem,</span> 
     </span>
     <span class='ocr_line' id='line_1_21' title="bbox 53 1188 625 1229; baseline -0.002 -11"><span class='ocrx_word' id='word_1_114' title='bbox 53 1190 159 1229; x_wconf 86' lang='lat' dir='ltr'>inquit</span> <span class='ocrx_word' id='word_1_115' title='bbox 167 1189 380 1218; x_wconf 82' lang='lat' dir='ltr'>Florentiuus.</span> <span class='ocrx_word' id='word_1_116' title='bbox 389 1206 435 1211; x_wconf 87' lang='lat'>—-</span> <span class='ocrx_word' id='word_1_117' title='bbox 444 1188 520 1228; x_wconf 81' lang='lat'><strong>296.</strong></span> <span class='ocrx_word' id='word_1_118' title='bbox 532 1190 625 1218; x_wconf 85' lang='lat' dir='ltr'>Hunc</span> 
     </span>
     <span class='ocr_line' id='line_1_22' title="bbox 52 1234 621 1275; baseline 0 -11"><span class='ocrx_word' id='word_1_119' title='bbox 52 1235 162 1265; x_wconf 85' lang='lat' dir='ltr'>locum</span> <span class='ocrx_word' id='word_1_120' title='bbox 184 1242 215 1263; x_wconf 86' lang='lat' dir='ltr'>et</span> <span class='ocrx_word' id='word_1_121' title='bbox 236 1234 367 1275; x_wconf 75' lang='lat' dir='ltr'>angusti</span> <span class='ocrx_word' id='word_1_122' title='bbox 382 1234 509 1263; x_wconf 76' lang='lat' dir='ltr'>imbrice</span> <span class='ocrx_word' id='word_1_123' title='bbox 530 1235 621 1271; x_wconf 74' lang='lat' dir='ltr'>tecti,</span> 
     </span>
     <span class='ocr_line' id='line_1_23' title="bbox 53 1276 625 1322; baseline 0 -11"><span class='ocrx_word' id='word_1_124' title='bbox 53 1281 86 1311; x_wconf 85' lang='lat' dir='ltr'>h.</span> <span class='ocrx_word' id='word_1_125' title='bbox 112 1287 245 1321; x_wconf 82' lang='lat' dir='ltr'>augusto</span> <span class='ocrx_word' id='word_1_126' title='bbox 269 1287 352 1310; x_wconf 90' lang='lat' dir='ltr'>tecto</span> <span class='ocrx_word' id='word_1_127' title='bbox 369 1279 482 1321; x_wconf 81' lang='lat' dir='ltr'>(cujus</span> <span class='ocrx_word' id='word_1_128' title='bbox 497 1276 625 1322; x_wconf 80' lang='lat' dir='ltr'>fastigiis</span> 
     </span>
     <span class='ocr_line' id='line_1_24' title="bbox 54 1327 623 1367; baseline -0.002 -11"><span class='ocrx_word' id='word_1_129' title='bbox 54 1328 177 1367; x_wconf 84' lang='lat' dir='ltr'>imponi</span> <span class='ocrx_word' id='word_1_130' title='bbox 198 1327 300 1358; x_wconf 84' lang='lat' dir='ltr'>solent</span> <span class='ocrx_word' id='word_1_131' title='bbox 314 1336 397 1356; x_wconf 85' lang='lat' dir='ltr'>cavae</span> <span class='ocrx_word' id='word_1_132' title='bbox 413 1327 526 1367; x_wconf 84' lang='lat' dir='ltr'>tegulae</span> <span class='ocrx_word' id='word_1_133' title='bbox 537 1350 545 1365; x_wconf 83' lang='lat'>‚</span> <span class='ocrx_word' id='word_1_134' title='bbox 566 1327 623 1356; x_wconf 83' lang='lat' dir='ltr'>im-</span> 
     </span>
     <span class='ocr_line' id='line_1_25' title="bbox 54 1373 623 1415; baseline 0 -13"><span class='ocrx_word' id='word_1_135' title='bbox 54 1373 194 1415; x_wconf 82' lang='lat' dir='ltr'>brices),</span> <span class='ocrx_word' id='word_1_136' title='bbox 218 1379 248 1402; x_wconf 81' lang='lat' dir='ltr'>et</span> <span class='ocrx_word' id='word_1_137' title='bbox 257 1373 432 1412; x_wconf 77' lang='lat' dir='ltr'>parietibus</span> <span class='ocrx_word' id='word_1_138' title='bbox 449 1374 545 1408; x_wconf 77' lang='lat' dir='ltr'>artis,</span> <span class='ocrx_word' id='word_1_139' title='bbox 569 1384 623 1403; x_wconf 83' lang='lat' dir='ltr'>an-</span> 
     </span>
     <span class='ocr_line' id='line_1_26' title="bbox 54 1421 622 1460; baseline -0.002 -11"><span class='ocrx_word' id='word_1_140' title='bbox 54 1421 168 1460; x_wconf 71' lang='lat' dir='ltr'>gustis,</span> <span class='ocrx_word' id='word_1_141' title='bbox 181 1427 334 1459; x_wconf 82' lang='lat' dir='ltr'>premunt</span> <span class='ocrx_word' id='word_1_142' title='bbox 355 1429 413 1458; x_wconf 89' lang='lat' dir='ltr'>pro</span> <span class='ocrx_word' id='word_1_143' title='bbox 435 1426 622 1455; x_wconf 81' lang='lat' dir='ltr'>exstruunt,</span> 
     </span>
     <span class='ocr_line' id='line_1_27' title="bbox 54 1465 625 1504; baseline -0.002 -9"><span class='ocrx_word' id='word_1_144' title='bbox 54 1465 109 1495; x_wconf 89' lang='lat' dir='ltr'>sed</span> <span class='ocrx_word' id='word_1_145' title='bbox 147 1465 248 1494; x_wconf 90' lang='lat' dir='ltr'>multo</span> <span class='ocrx_word' id='word_1_146' title='bbox 290 1465 459 1504; x_wconf 81' lang='lat' dir='ltr'>elegantius</span> <span class='ocrx_word' id='word_1_147' title='bbox 477 1487 484 1499; x_wconf 86' lang='grc'>,</span> <span class='ocrx_word' id='word_1_148' title='bbox 535 1466 625 1504; x_wconf 83' lang='lat' dir='ltr'>quasi</span> 
     </span>
     <span class='ocr_line' id='line_1_28' title="bbox 55 1510 625 1550; baseline -0.002 -9"><span class='ocrx_word' id='word_1_149' title='bbox 55 1519 222 1548; x_wconf 80' lang='lat' dir='ltr'>coercent3</span> <span class='ocrx_word' id='word_1_150' title='bbox 241 1518 272 1540; x_wconf 87' lang='lat' dir='ltr'>et</span> <span class='ocrx_word' id='word_1_151' title='bbox 287 1517 424 1550; x_wconf 83' lang='lat' dir='ltr'>quatuor</span> <span class='ocrx_word' id='word_1_152' title='bbox 439 1510 625 1550; x_wconf 84' lang='lat' dir='ltr'>relinquunt</span> 
     </span>
     <span class='ocr_line' id='line_1_29' title="bbox 54 1556 623 1598; baseline -0.004 -11"><span class='ocrx_word' id='word_1_153' title='bbox 54 1558 210 1598; x_wconf 81' lang='lat' dir='ltr'>spiracula</span> <span class='ocrx_word' id='word_1_154' title='bbox 224 1557 264 1586; x_wconf 84' lang='lat' dir='ltr'>ad</span> <span class='ocrx_word' id='word_1_155' title='bbox 279 1563 416 1596; x_wconf 86' lang='lat' dir='ltr'>quatuor</span> <span class='ocrx_word' id='word_1_156' title='bbox 431 1557 503 1586; x_wconf 86' lang='lat' dir='ltr'>coeli</span> <span class='ocrx_word' id='word_1_157' title='bbox 523 1556 623 1586; x_wconf 86' lang='lat' dir='ltr'>cardi-</span> 
     </span>
     <span class='ocr_line' id='line_1_30' title="bbox 54 1604 304 1644; baseline -0.008 -10"><span class='ocrx_word' id='word_1_158' title='bbox 54 1615 108 1634; x_wconf 89' lang='lat' dir='ltr'>nes</span> <span class='ocrx_word' id='word_1_159' title='bbox 123 1604 304 1644; x_wconf 79' lang='lat' dir='ltr'>spectantia.</span> 
     </span>
     <span class='ocr_line' id='line_1_31' title="bbox 103 1647 624 1692; baseline -0.002 -12"><span class='ocrx_word' id='word_1_160' title='bbox 103 1660 179 1689; x_wconf 86' lang='lat'><strong>299.</strong></span> <span class='ocrx_word' id='word_1_161' title='bbox 191 1647 458 1692; x_wconf 70' lang='grc' dir='ltr'>Τριακοντάμηνον</span> <span class='ocrx_word' id='word_1_162' title='bbox 474 1647 544 1687; x_wconf 72' lang='grc' dir='ltr'>βοῦν</span> <span class='ocrx_word' id='word_1_163' title='bbox 556 1649 624 1679; x_wconf 88' lang='lat' dir='ltr'>Flo-</span> 
     </span>
     <span class='ocr_line' id='line_1_32' title="bbox 54 1694 624 1735; baseline 0 -10"><span class='ocrx_word' id='word_1_164' title='bbox 54 1697 197 1726; x_wconf 83' lang='lat' dir='ltr'>rentiuus</span> <span class='ocrx_word' id='word_1_165' title='bbox 218 1697 240 1726; x_wconf 86' lang='lat' dir='ltr'>l.</span> <span class='ocrx_word' id='word_1_166' title='bbox 269 1696 289 1726; x_wconf 91' lang='lat' dir='ltr'>l.</span> <span class='ocrx_word' id='word_1_167' title='bbox 312 1712 357 1717; x_wconf 85' lang='lat'>——-</span> <span class='ocrx_word' id='word_1_168' title='bbox 387 1696 463 1726; x_wconf 82' lang='lat'><strong>300.</strong></span> <span class='ocrx_word' id='word_1_169' title='bbox 491 1694 624 1735; x_wconf 68' lang='lat' dir='ltr'>Spiritus</span> 
     </span>
     <span class='ocr_line' id='line_1_33' title="bbox 54 1742 622 1777; baseline -0.002 -6"><span class='ocrx_word' id='word_1_170' title='bbox 54 1742 135 1777; x_wconf 75' lang='lat' dir='ltr'>oris,</span> <span class='ocrx_word' id='word_1_171' title='bbox 160 1742 192 1772; x_wconf 89' lang='lat' dir='ltr'>h.</span> <span class='ocrx_word' id='word_1_172' title='bbox 220 1752 264 1772; x_wconf 78' lang='lat' dir='ltr'>os,</span> <span class='ocrx_word' id='word_1_173' title='bbox 282 1760 327 1764; x_wconf 77' lang='lat'>—</span> <span class='ocrx_word' id='word_1_174' title='bbox 348 1743 424 1772; x_wconf 81' lang='lat'>301.</span> <span class='ocrx_word' id='word_1_175' title='bbox 446 1742 552 1770; x_wconf 75' lang='lat' dir='ltr'>Multa</span> <span class='ocrx_word' id='word_1_176' title='bbox 575 1752 622 1770; x_wconf 86' lang='lat' dir='ltr'>re-</span> 
     </span>
     <span class='ocr_line' id='line_1_34' title="bbox 53 1787 624 1830; baseline -0.002 -13"><span class='ocrx_word' id='word_1_177' title='bbox 53 1788 188 1817; x_wconf 78' lang='lat' dir='ltr'>sulcanti</span> <span class='ocrx_word' id='word_1_178' title='bbox 223 1790 348 1830; x_wconf 85' lang='lat' dir='ltr'>Menag.</span> <span class='ocrx_word' id='word_1_179' title='bbox 381 1799 429 1828; x_wconf 90' lang='lat' dir='ltr'>pr.</span> <span class='ocrx_word' id='word_1_180' title='bbox 477 1787 624 1817; x_wconf 72' lang='lat' dir='ltr'>Obsuitur</span> 
     </span>
     <span class='ocr_line' id='line_1_35' title="bbox 54 1833 622 1874; baseline 0 -11"><span class='ocrx_word' id='word_1_181' title='bbox 54 1835 161 1864; x_wconf 87' lang='lat' dir='ltr'>Heius.</span> <span class='ocrx_word' id='word_1_182' title='bbox 177 1836 318 1874; x_wconf 73' lang='lat' dir='ltr'>reposuit</span> <span class='ocrx_word' id='word_1_183' title='bbox 338 1845 378 1864; x_wconf 80' lang='lat' dir='ltr'>ex</span> <span class='ocrx_word' id='word_1_184' title='bbox 402 1835 499 1864; x_wconf 85' lang='lat' dir='ltr'>unico</span> <span class='ocrx_word' id='word_1_185' title='bbox 522 1833 622 1863; x_wconf 82' lang='lat' dir='ltr'>Medi-</span> 
     </span>
     <span class='ocr_line' id='line_1_36' title="bbox 55 1879 623 1920; baseline 0 -10"><span class='ocrx_word' id='word_1_186' title='bbox 55 1891 128 1917; x_wconf 69' lang='grc' dir='ltr'><strong>σεο,</strong></span> <span class='ocrx_word' id='word_1_187' title='bbox 156 1881 191 1910; x_wconf 88' lang='lat' dir='ltr'>in</span> <span class='ocrx_word' id='word_1_188' title='bbox 213 1891 278 1920; x_wconf 82' lang='lat' dir='ltr'>quo</span> <span class='ocrx_word' id='word_1_189' title='bbox 302 1879 462 1920; x_wconf 76' lang='lat' dir='ltr'>opsuicur;</span> <span class='ocrx_word' id='word_1_190' title='bbox 485 1886 521 1909; x_wconf 89' lang='lat' dir='ltr'>ut</span> <span class='ocrx_word' id='word_1_191' title='bbox 544 1880 623 1910; x_wconf 86' lang='lat' dir='ltr'>etin</span> 
     </span>
     <span class='ocr_line' id='line_1_37' title="bbox 55 1925 622 1965; baseline 0 -10"><span class='ocrx_word' id='word_1_192' title='bbox 55 1926 140 1956; x_wconf 83' lang='lat' dir='ltr'>Gud.</span> <span class='ocrx_word' id='word_1_193' title='bbox 163 1937 179 1955; x_wconf 87' lang='lat' dir='ltr'>a</span> <span class='ocrx_word' id='word_1_194' title='bbox 195 1937 277 1956; x_wconf 84' lang='lat' dir='ltr'>man.</span> <span class='ocrx_word' id='word_1_195' title='bbox 302 1937 363 1965; x_wconf 66' lang='lat' dir='ltr'>pr„</span> <span class='ocrx_word' id='word_1_196' title='bbox 385 1926 471 1965; x_wconf 86' lang='lat' dir='ltr'>quod</span> <span class='ocrx_word' id='word_1_197' title='bbox 484 1927 549 1964; x_wconf 86' lang='lat' dir='ltr'>jam</span> <span class='ocrx_word' id='word_1_198' title='bbox 570 1925 622 1955; x_wconf 83' lang='lat' dir='ltr'>de-</span> 
     </span>
     <span class='ocr_line' id='line_1_38' title="bbox 35 1972 620 2010; baseline 0.005 -9"><span class='ocrx_word' id='word_1_199' title='bbox 35 1972 196 2002; x_wconf 67' lang='lat' dir='ltr'>·fenderat</span> <span class='ocrx_word' id='word_1_200' title='bbox 211 1972 249 2002; x_wconf 80' lang='lat' dir='ltr'>ad</span> <span class='ocrx_word' id='word_1_201' title='bbox 265 1972 358 2002; x_wconf 85' lang='lat' dir='ltr'>Ovid.</span> <span class='ocrx_word' id='word_1_202' title='bbox 376 1973 455 2002; x_wconf 84' lang='lat' dir='ltr'>Fast.</span> <span class='ocrx_word' id='word_1_203' title='bbox 473 1975 523 2010; x_wconf 82' lang='grc' dir='ltr'>ΙΙ,</span> <span class='ocrx_word' id='word_1_204' title='bbox 545 1973 620 2010; x_wconf 84' lang='lat'>578.</span> 
     </span>
     <span class='ocr_line' id='line_1_39' title="bbox 55 2018 622 2049; baseline 0 0"><span class='ocrx_word' id='word_1_205' title='bbox 55 2018 206 2049; x_wconf 82' lang='lat' dir='ltr'>Laudavit</span> <span class='ocrx_word' id='word_1_206' title='bbox 232 2025 334 2048; x_wconf 85' lang='lat' dir='ltr'>tamen</span> <span class='ocrx_word' id='word_1_207' title='bbox 361 2018 446 2048; x_wconf 85' lang='lat' dir='ltr'>idem</span> <span class='ocrx_word' id='word_1_208' title='bbox 474 2030 514 2048; x_wconf 78' lang='lat' dir='ltr'>ex</span> <span class='ocrx_word' id='word_1_209' title='bbox 540 2019 622 2049; x_wconf 78' lang='lat' dir='ltr'>libro</span> 
     </span>
     <span class='ocr_line' id='line_1_40' title="bbox 55 2064 621 2096; baseline 0 0"><span class='ocrx_word' id='word_1_210' title='bbox 55 2065 158 2096; x_wconf 76' lang='lat' dir='ltr'>Colot.</span> <span class='ocrx_word' id='word_1_211' title='bbox 187 2067 331 2095; x_wconf 86' lang='lat' dir='ltr'>Ursinus.</span> <span class='ocrx_word' id='word_1_212' title='bbox 363 2064 510 2094; x_wconf 80' lang='lat' dir='ltr'>Obruitur</span> <span class='ocrx_word' id='word_1_213' title='bbox 539 2067 621 2096; x_wconf 85' lang='lat' dir='ltr'>Ven.</span> 
     </span>
     <span class='ocr_line' id='line_1_41' title="bbox 56 2111 623 2152; baseline -0.004 -10"><span class='ocrx_word' id='word_1_214' title='bbox 56 2111 195 2142; x_wconf 62' lang='lat' dir='ltr'>Puirhas.</span> <span class='ocrx_word' id='word_1_215' title='bbox 225 2112 333 2151; x_wconf 84' lang='lat' dir='ltr'>Vulgo</span> <span class='ocrx_word' id='word_1_216' title='bbox 359 2111 521 2152; x_wconf 80' lang='lat' dir='ltr'>legebatur</span> <span class='ocrx_word' id='word_1_217' title='bbox 542 2121 550 2142; x_wconf 90' lang='lat'>:</span> <span class='ocrx_word' id='word_1_218' title='bbox 571 2112 623 2141; x_wconf 90' lang='lat' dir='ltr'>ob-</span> 
     </span>
     <span class='ocr_line' id='line_1_42' title="bbox 55 2157 625 2199; baseline 0 -12"><span class='ocrx_word' id='word_1_219' title='bbox 55 2157 190 2194; x_wconf 52' lang='lat' dir='ltr'>sftruitur,</span> <span class='ocrx_word' id='word_1_220' title='bbox 223 2158 309 2199; x_wconf 84' lang='lat' dir='ltr'>quod</span> <span class='ocrx_word' id='word_1_221' title='bbox 328 2159 437 2198; x_wconf 82' lang='lat' dir='ltr'>utique</span> <span class='ocrx_word' id='word_1_222' title='bbox 459 2159 625 2198; x_wconf 88' lang='lat' dir='ltr'>proprium</span> 
     </span>
     <span class='ocr_line' id='line_1_43' title="bbox 57 2204 625 2244; baseline 0 -10"><span class='ocrx_word' id='word_1_223' title='bbox 57 2211 87 2234; x_wconf 82' lang='lat' dir='ltr'>et</span> <span class='ocrx_word' id='word_1_224' title='bbox 113 2204 249 2244; x_wconf 85' lang='lat' dir='ltr'>pedestri</span> <span class='ocrx_word' id='word_1_225' title='bbox 270 2206 407 2235; x_wconf 82' lang='lat' dir='ltr'>sermoni</span> <span class='ocrx_word' id='word_1_226' title='bbox 434 2205 625 2234; x_wconf 84' lang='lat' dir='ltr'>conveniens</span> 
     </span>
    </p>
   </div>
   <div class='ocr_carea' id='block_1_6' title="bbox 667 724 1271 2240">
    <p class='ocr_par' dir='ltr' id='par_1_8' title="bbox 671 724 1271 1550">
     <span class='ocr_line' id='line_1_44' title="bbox 671 724 1242 768; baseline -0.002 -12"><span class='ocrx_word' id='word_1_227' title='bbox 671 733 750 763; x_wconf 81' lang='lat' dir='ltr'>erat,</span> <span class='ocrx_word' id='word_1_228' title='bbox 771 724 1016 768; x_wconf 68' lang='grc' dir='ltr'>ἀποπεφροὶχθαι</span> <span class='ocrx_word' id='word_1_229' title='bbox 1029 737 1037 764; x_wconf 90' lang='lat'>;</span> <span class='ocrx_word' id='word_1_230' title='bbox 1050 726 1144 767; x_wconf 82' lang='lat' dir='ltr'>idque</span> <span class='ocrx_word' id='word_1_231' title='bbox 1157 733 1242 756; x_wconf 80' lang='lat' dir='ltr'>tuen-</span> 
     </span>
     <span class='ocr_line' id='line_1_45' title="bbox 672 773 1240 803; baseline 0 -1"><span class='ocrx_word' id='word_1_232' title='bbox 672 780 723 802; x_wconf 85' lang='lat' dir='ltr'>tur</span> <span class='ocrx_word' id='word_1_233' title='bbox 748 775 808 802; x_wconf 86' lang='lat' dir='ltr'>viri</span> <span class='ocrx_word' id='word_1_234' title='bbox 832 773 918 803; x_wconf 89' lang='lat' dir='ltr'>docti</span> <span class='ocrx_word' id='word_1_235' title='bbox 943 775 1034 803; x_wconf 85' lang='lat' dir='ltr'>Voss.</span> <span class='ocrx_word' id='word_1_236' title='bbox 1060 780 1091 802; x_wconf 86' lang='lat' dir='ltr'>et</span> <span class='ocrx_word' id='word_1_237' title='bbox 1118 773 1240 803; x_wconf 81' lang='lat' dir='ltr'>Wakef.</span> 
     </span>
     <span class='ocr_line' id='line_1_46' title="bbox 672 819 1241 859; baseline 0.002 -11"><span class='ocrx_word' id='word_1_238' title='bbox 672 830 773 859; x_wconf 86' lang='lat' dir='ltr'>neque</span> <span class='ocrx_word' id='word_1_239' title='bbox 792 819 993 848; x_wconf 78' lang='lat' dir='ltr'>intercedam.</span> <span class='ocrx_word' id='word_1_240' title='bbox 1016 822 1085 848; x_wconf 85' lang='lat' dir='ltr'>AEn.</span> <span class='ocrx_word' id='word_1_241' title='bbox 1101 821 1157 855; x_wconf 79' lang='lat' dir='ltr'>IV,</span> <span class='ocrx_word' id='word_1_242' title='bbox 1177 825 1241 855; x_wconf 84' lang='grc'>440</span> 
     </span>
     <span class='ocr_line' id='line_1_47' title="bbox 673 865 1246 905; baseline 0 -11"><span class='ocrx_word' id='word_1_243' title='bbox 673 867 755 894; x_wconf 77' lang='lat' dir='ltr'>Fata</span> <span class='ocrx_word' id='word_1_244' title='bbox 787 866 913 894; x_wconf 80' lang='lat' dir='ltr'>obstant</span> <span class='ocrx_word' id='word_1_245' title='bbox 936 865 1149 905; x_wconf 77' lang='lat' dir='ltr'>placidasque</span> <span class='ocrx_word' id='word_1_246' title='bbox 1178 865 1246 894; x_wconf 71' lang='lat' dir='ltr'><em>&#39;viri</em></span> 
     </span>
     <span class='ocr_line' id='line_1_48' title="bbox 673 910 1245 952; baseline 0 -12"><span class='ocrx_word' id='word_1_247' title='bbox 673 911 749 940; x_wconf 74' lang='lat' dir='ltr'>dens</span> <span class='ocrx_word' id='word_1_248' title='bbox 774 911 903 940; x_wconf 78' lang='lat' dir='ltr'>obstruit</span> <span class='ocrx_word' id='word_1_249' title='bbox 929 922 1032 941; x_wconf 77' lang='lat' dir='ltr'>aures.</span> <span class='ocrx_word' id='word_1_250' title='bbox 1058 910 1155 952; x_wconf 83' lang='lat' dir='ltr'>Apud</span> <span class='ocrx_word' id='word_1_251' title='bbox 1182 913 1245 940; x_wconf 91' lang='lat' dir='ltr'>Lu-</span> 
     </span>
     <span class='ocr_line' id='line_1_49' title="bbox 675 958 1245 998; baseline 0.004 -12"><span class='ocrx_word' id='word_1_252' title='bbox 675 965 751 988; x_wconf 86' lang='lat' dir='ltr'>cret.</span> <span class='ocrx_word' id='word_1_253' title='bbox 770 960 835 994; x_wconf 86' lang='lat' dir='ltr'>VI,</span> <span class='ocrx_word' id='word_1_254' title='bbox 864 958 928 987; x_wconf 85' lang='lat'>225</span> <span class='ocrx_word' id='word_1_255' title='bbox 957 965 1002 986; x_wconf 84' lang='lat' dir='ltr'>est</span> <span class='ocrx_word' id='word_1_256' title='bbox 1027 958 1180 998; x_wconf 75' lang='lat' dir='ltr'>oppilare.</span> <span class='ocrx_word' id='word_1_257' title='bbox 1200 975 1245 980; x_wconf 83' lang='lat'>—</span> 
     </span>
     <span class='ocr_line' id='line_1_50' title="bbox 676 1001 1246 1039; baseline 0 -6"><span class='ocrx_word' id='word_1_258' title='bbox 676 1004 780 1033; x_wconf 71' lang='lat' dir='ltr'>Maua</span> <span class='ocrx_word' id='word_1_259' title='bbox 793 1003 978 1039; x_wconf 76' lang='lat' dir='ltr'>reluctanti,</span> <span class='ocrx_word' id='word_1_260' title='bbox 1001 1007 1090 1034; x_wconf 71' lang='grc' dir='ltr'>πολλ’</span> <span class='ocrx_word' id='word_1_261' title='bbox 1117 1001 1246 1038; x_wconf 69' lang='grc' dir='ltr'>ἀεκαζο-</span> 
     </span>
     <span class='ocr_line' id='line_1_51' title="bbox 676 1049 1245 1092; baseline 0 -13"><span class='ocrx_word' id='word_1_262' title='bbox 676 1049 777 1092; x_wconf 78' lang='grc' dir='ltr'>μένῳ,</span> <span class='ocrx_word' id='word_1_263' title='bbox 797 1057 835 1079; x_wconf 78' lang='lat' dir='ltr'>ut</span> <span class='ocrx_word' id='word_1_264' title='bbox 858 1050 942 1090; x_wconf 81' lang='lat' dir='ltr'>apud</span> <span class='ocrx_word' id='word_1_265' title='bbox 967 1052 1097 1080; x_wconf 83' lang='lat' dir='ltr'>Homer.</span> <span class='ocrx_word' id='word_1_266' title='bbox 1125 1050 1185 1080; x_wconf 90' lang='lat' dir='ltr'>Od.</span> <span class='ocrx_word' id='word_1_267' title='bbox 1212 1062 1245 1085; x_wconf 83' lang='grc' dir='ltr'>ν,</span> 
     </span>
     <span class='ocr_line' id='line_1_52' title="bbox 678 1095 1245 1134; baseline -0.002 -8"><span class='ocrx_word' id='word_1_268' title='bbox 678 1108 765 1134; x_wconf 77' lang='lat'><strong>277;</strong></span> <span class='ocrx_word' id='word_1_269' title='bbox 798 1096 886 1126; x_wconf 86' lang='lat' dir='ltr'>Iliad.</span> <span class='ocrx_word' id='word_1_270' title='bbox 920 1095 952 1133; x_wconf 87' lang='grc' dir='ltr'>ζ,</span> <span class='ocrx_word' id='word_1_271' title='bbox 982 1097 1058 1131; x_wconf 83' lang='grc'>458.</span> <span class='ocrx_word' id='word_1_272' title='bbox 1093 1113 1138 1119; x_wconf 82' lang='lat'>——-</span> <span class='ocrx_word' id='word_1_273' title='bbox 1170 1098 1245 1126; x_wconf 82' lang='lat'><strong>302.</strong></span> 
     </span>
     <span class='ocr_line' id='line_1_53' title="bbox 678 1143 1248 1178; baseline 0 -6"><span class='ocrx_word' id='word_1_274' title='bbox 678 1143 855 1178; x_wconf 76' lang='lat' dir='ltr'>Solvuntur,</span> <span class='ocrx_word' id='word_1_275' title='bbox 880 1144 1084 1172; x_wconf 80' lang='lat' dir='ltr'>resolvuntur</span> <span class='ocrx_word' id='word_1_276' title='bbox 1100 1150 1248 1178; x_wconf 83' lang='lat' dir='ltr'>contusa,</span> 
     </span>
     <span class='ocr_line' id='line_1_54' title="bbox 678 1189 1248 1230; baseline 0 -12"><span class='ocrx_word' id='word_1_277' title='bbox 678 1190 955 1225; x_wconf 80' lang='lat' dir='ltr'>comminuuntur3</span> <span class='ocrx_word' id='word_1_278' title='bbox 985 1196 1021 1218; x_wconf 90' lang='lat' dir='ltr'>ut</span> <span class='ocrx_word' id='word_1_279' title='bbox 1050 1190 1084 1218; x_wconf 85' lang='lat' dir='ltr'>in</span> <span class='ocrx_word' id='word_1_280' title='bbox 1106 1189 1248 1230; x_wconf 82' lang='lat' dir='ltr'>putredi-</span> 
     </span>
     <span class='ocr_line' id='line_1_55' title="bbox 678 1234 1248 1275; baseline -0.002 -10"><span class='ocrx_word' id='word_1_281' title='bbox 678 1246 750 1265; x_wconf 78' lang='lat' dir='ltr'>nem</span> <span class='ocrx_word' id='word_1_282' title='bbox 777 1241 864 1264; x_wconf 80' lang='lat' dir='ltr'>tanto</span> <span class='ocrx_word' id='word_1_283' title='bbox 891 1236 984 1264; x_wconf 83' lang='lat' dir='ltr'>citius</span> <span class='ocrx_word' id='word_1_284' title='bbox 1009 1234 1138 1272; x_wconf 81' lang='lat' dir='ltr'>abeant,</span> <span class='ocrx_word' id='word_1_285' title='bbox 1160 1236 1248 1275; x_wconf 77' lang='lat' dir='ltr'>pelle</span> 
     </span>
     <span class='ocr_line' id='line_1_56' title="bbox 678 1280 1249 1321; baseline 0 -10"><span class='ocrx_word' id='word_1_286' title='bbox 678 1288 782 1311; x_wconf 86' lang='lat' dir='ltr'>tamen</span> <span class='ocrx_word' id='word_1_287' title='bbox 804 1280 931 1321; x_wconf 74' lang='lat' dir='ltr'>integra</span> <span class='ocrx_word' id='word_1_288' title='bbox 957 1288 1112 1311; x_wconf 85' lang='lat' dir='ltr'>manente.</span> <span class='ocrx_word' id='word_1_289' title='bbox 1139 1281 1199 1312; x_wconf 83' lang='lat' dir='ltr'>Sed</span> <span class='ocrx_word' id='word_1_290' title='bbox 1217 1290 1249 1311; x_wconf 89' lang='lat' dir='ltr'>et</span> 
     </span>
     <span class='ocr_line' id='line_1_57' title="bbox 677 1327 1247 1368; baseline 0 -12"><span class='ocrx_word' id='word_1_291' title='bbox 677 1328 861 1367; x_wconf 86' lang='lat' dir='ltr'>simpliciter</span> <span class='ocrx_word' id='word_1_292' title='bbox 878 1327 1039 1356; x_wconf 72' lang='lat' dir='ltr'>solvuntur</span> <span class='ocrx_word' id='word_1_293' title='bbox 1057 1334 1169 1364; x_wconf 80' lang='lat' dir='ltr'>tunsa,</span> <span class='ocrx_word' id='word_1_294' title='bbox 1189 1339 1247 1368; x_wconf 84' lang='lat' dir='ltr'>pro</span> 
     </span>
     <span class='ocr_line' id='line_1_58' title="bbox 678 1370 1248 1415; baseline 0 -13"><span class='ocrx_word' id='word_1_295' title='bbox 678 1373 880 1403; x_wconf 82' lang='lat' dir='ltr'>tunduntur:</span> <span class='ocrx_word' id='word_1_296' title='bbox 902 1371 977 1414; x_wconf 80' lang='grc' dir='ltr'>ὁμοῦ</span> <span class='ocrx_word' id='word_1_297' title='bbox 1003 1372 1070 1407; x_wconf 83' lang='grc' dir='ltr'>ταῖς</span> <span class='ocrx_word' id='word_1_298' title='bbox 1095 1370 1183 1415; x_wconf 77' lang='grc' dir='ltr'>σαρξὶ</span> <span class='ocrx_word' id='word_1_299' title='bbox 1208 1371 1248 1404; x_wconf 67' lang='grc' dir='ltr'>τά</span> 
     </span>
     <span class='ocr_line' id='line_1_59' title="bbox 678 1416 1271 1459; baseline 0.002 -11"><span class='ocrx_word' id='word_1_300' title='bbox 678 1418 755 1454; x_wconf 81' lang='grc' dir='ltr'>ὁςέοι</span> <span class='ocrx_word' id='word_1_301' title='bbox 764 1420 971 1453; x_wconf 42' lang='lat' dir='ltr'>commune?</span> <span class='ocrx_word' id='word_1_302' title='bbox 983 1418 1121 1459; x_wconf 68' lang='grc' dir='ltr'>φυλακὴν</span> <span class='ocrx_word' id='word_1_303' title='bbox 1137 1416 1172 1448; x_wconf 72' lang='grc' dir='ltr'>δὲ</span> <span class='ocrx_word' id='word_1_304' title='bbox 1185 1418 1249 1459; x_wconf 76' lang='grc' dir='ltr'>ἐχέ-</span> <span class='ocrx_word' id='word_1_305' title='bbox 1265 1426 1271 1430; x_wconf 96' lang='grc'>’</span> 
     </span>
     <span class='ocr_line' id='line_1_60' title="bbox 677 1462 1247 1506; baseline 0.002 -11"><span class='ocrx_word' id='word_1_306' title='bbox 677 1476 790 1502; x_wconf 64' lang='lat' dir='ltr'>romam,</span> <span class='ocrx_word' id='word_1_307' title='bbox 806 1462 840 1494; x_wconf 75' lang='grc' dir='ltr'>τὸ</span> <span class='ocrx_word' id='word_1_308' title='bbox 857 1463 900 1506; x_wconf 68' lang='grc' dir='ltr'>μὴ</span> <span class='ocrx_word' id='word_1_309' title='bbox 915 1462 1048 1506; x_wconf 71' lang='grc' dir='ltr'>αἱμάξαι</span> <span class='ocrx_word' id='word_1_310' title='bbox 1062 1476 1090 1495; x_wconf 86' lang='grc' dir='ltr'>τι</span> <span class='ocrx_word' id='word_1_311' title='bbox 1109 1467 1163 1496; x_wconf 78' lang='grc' dir='ltr'>τοῦ</span> <span class='ocrx_word' id='word_1_312' title='bbox 1179 1464 1247 1503; x_wconf 68' lang='grc' dir='ltr'>βοὸς</span> 
     </span>
     <span class='ocr_line' id='line_1_61' title="bbox 678 1510 1229 1550; baseline 0.004 -10"><span class='ocrx_word' id='word_1_313' title='bbox 678 1518 709 1541; x_wconf 87' lang='lat' dir='ltr'>et</span> <span class='ocrx_word' id='word_1_314' title='bbox 726 1511 781 1540; x_wconf 89' lang='lat' dir='ltr'>rel.</span> <span class='ocrx_word' id='word_1_315' title='bbox 801 1510 929 1539; x_wconf 76' lang='lat' dir='ltr'>Viscera</span> <span class='ocrx_word' id='word_1_316' title='bbox 946 1521 1005 1550; x_wconf 90' lang='lat' dir='ltr'>pro</span> <span class='ocrx_word' id='word_1_317' title='bbox 1021 1513 1108 1541; x_wconf 86' lang='lat' dir='ltr'>omm&#39;</span> <span class='ocrx_word' id='word_1_318' title='bbox 1124 1522 1229 1542; x_wconf 85' lang='lat' dir='ltr'>carne.</span> 
     </span>
    </p>

    <p class='ocr_par' dir='ltr' id='par_1_9' title="bbox 667 1557 1248 2240">
     <span class='ocr_line' id='line_1_62' title="bbox 726 1557 1247 1594; baseline 0.002 -7"><span class='ocrx_word' id='word_1_319' title='bbox 726 1558 803 1587; x_wconf 81' lang='lat'>303.</span> <span class='ocrx_word' id='word_1_320' title='bbox 830 1558 868 1584; x_wconf 82' lang='lat' dir='ltr'>Iu</span> <span class='ocrx_word' id='word_1_321' title='bbox 890 1557 1021 1594; x_wconf 82' lang='lat' dir='ltr'>clauso,</span> <span class='ocrx_word' id='word_1_322' title='bbox 1047 1558 1117 1587; x_wconf 87' lang='lat' dir='ltr'>luto</span> <span class='ocrx_word' id='word_1_323' title='bbox 1154 1559 1247 1588; x_wconf 82' lang='lat' dir='ltr'>etiam</span> 
     </span>
     <span class='ocr_line' id='line_1_63' title="bbox 678 1602 1248 1641; baseline 0.002 -9"><span class='ocrx_word' id='word_1_324' title='bbox 678 1603 775 1633; x_wconf 87' lang='lat' dir='ltr'>denso</span> <span class='ocrx_word' id='word_1_325' title='bbox 787 1602 924 1633; x_wconf 83' lang='lat' dir='ltr'>obducta</span> <span class='ocrx_word' id='word_1_326' title='bbox 937 1604 1032 1641; x_wconf 79' lang='lat' dir='ltr'>janua</span> <span class='ocrx_word' id='word_1_327' title='bbox 1041 1610 1071 1633; x_wconf 90' lang='lat' dir='ltr'>et</span> <span class='ocrx_word' id='word_1_328' title='bbox 1085 1604 1228 1634; x_wconf 83' lang='lat' dir='ltr'>fenestris</span> <span class='ocrx_word' id='word_1_329' title='bbox 1240 1616 1248 1641; x_wconf 92' lang='lat'>;</span> 
     </span>
     <span class='ocr_line' id='line_1_64' title="bbox 677 1649 1246 1690; baseline 0.002 -11"><span class='ocrx_word' id='word_1_330' title='bbox 677 1657 712 1679; x_wconf 92' lang='lat' dir='ltr'>ut</span> <span class='ocrx_word' id='word_1_331' title='bbox 729 1649 843 1678; x_wconf 77' lang='lat' dir='ltr'>diserte</span> <span class='ocrx_word' id='word_1_332' title='bbox 875 1649 1076 1679; x_wconf 82' lang='lat' dir='ltr'>Florentinus</span> <span class='ocrx_word' id='word_1_333' title='bbox 1099 1660 1132 1690; x_wconf 89' lang='lat' dir='ltr'>p.</span> <span class='ocrx_word' id='word_1_334' title='bbox 1160 1656 1223 1688; x_wconf 87' lang='grc'>407</span> <span class='ocrx_word' id='word_1_335' title='bbox 1237 1674 1246 1687; x_wconf 71' lang='lat'>‚</span> 
     </span>
     <span class='ocr_line' id='line_1_65' title="bbox 676 1694 1248 1738; baseline 0 -14"><span class='ocrx_word' id='word_1_336' title='bbox 676 1695 747 1733; x_wconf 85' lang='lat' dir='ltr'>sed,</span> <span class='ocrx_word' id='word_1_337' title='bbox 768 1702 804 1724; x_wconf 89' lang='lat' dir='ltr'>ut</span> <span class='ocrx_word' id='word_1_338' title='bbox 827 1694 992 1733; x_wconf 77' lang='lat' dir='ltr'>adjicitur,</span> <span class='ocrx_word' id='word_1_339' title='bbox 1009 1697 1090 1725; x_wconf 76' lang='lat' dir='ltr'>XXI</span> <span class='ocrx_word' id='word_1_340' title='bbox 1112 1695 1163 1725; x_wconf 87' lang='lat' dir='ltr'>die</span> <span class='ocrx_word' id='word_1_341' title='bbox 1183 1696 1248 1738; x_wconf 69' lang='lat' dir='ltr'>dies</span> 
     </span>
     <span class='ocr_line' id='line_1_66' title="bbox 676 1740 1247 1781; baseline -0.002 -9"><span class='ocrx_word' id='word_1_342' title='bbox 676 1749 706 1772; x_wconf 85' lang='lat' dir='ltr'>et</span> <span class='ocrx_word' id='word_1_343' title='bbox 735 1752 834 1781; x_wconf 89' lang='lat' dir='ltr'>purus</span> <span class='ocrx_word' id='word_1_344' title='bbox 859 1752 911 1770; x_wconf 84' lang='lat' dir='ltr'>aer</span> <span class='ocrx_word' id='word_1_345' title='bbox 933 1740 1128 1779; x_wconf 72' lang='lat' dir='ltr'>admittitur,</span> <span class='ocrx_word' id='word_1_346' title='bbox 1151 1749 1247 1771; x_wconf 84' lang='lat' dir='ltr'>vento</span> 
     </span>
     <span class='ocr_line' id='line_1_67' title="bbox 676 1787 1247 1824; baseline 0.002 -8"><span class='ocrx_word' id='word_1_347' title='bbox 676 1795 780 1817; x_wconf 85' lang='lat' dir='ltr'>tamen</span> <span class='ocrx_word' id='word_1_348' title='bbox 804 1787 954 1824; x_wconf 75' lang='lat' dir='ltr'>exclus03</span> <span class='ocrx_word' id='word_1_349' title='bbox 984 1795 1014 1817; x_wconf 83' lang='lat' dir='ltr'>et</span> <span class='ocrx_word' id='word_1_350' title='bbox 1044 1795 1111 1817; x_wconf 83' lang='lat' dir='ltr'>tum</span> <span class='ocrx_word' id='word_1_351' title='bbox 1139 1798 1247 1817; x_wconf 84' lang='lat' dir='ltr'>rursus</span> 
     </span>
     <span class='ocr_line' id='line_1_68' title="bbox 676 1833 1246 1874; baseline 0.002 -11"><span class='ocrx_word' id='word_1_352' title='bbox 676 1835 781 1864; x_wconf 83' lang='lat' dir='ltr'>omnia</span> <span class='ocrx_word' id='word_1_353' title='bbox 799 1834 897 1863; x_wconf 82' lang='lat' dir='ltr'>oblita</span> <span class='ocrx_word' id='word_1_354' title='bbox 925 1833 1148 1863; x_wconf 84' lang='lat' dir='ltr'>occluduntur.</span> <span class='ocrx_word' id='word_1_355' title='bbox 1172 1836 1246 1874; x_wconf 90' lang='lat' dir='ltr'>Quo</span> 
     </span>
     <span class='ocr_line' id='line_1_69' title="bbox 676 1879 1246 1920; baseline 0 -11"><span class='ocrx_word' id='word_1_356' title='bbox 676 1881 774 1917; x_wconf 80' lang='lat' dir='ltr'>facto,</span> <span class='ocrx_word' id='word_1_357' title='bbox 792 1879 962 1909; x_wconf 87' lang='lat' dir='ltr'>undecimo</span> <span class='ocrx_word' id='word_1_358' title='bbox 981 1879 1055 1909; x_wconf 87' lang='lat' dir='ltr'>inde</span> <span class='ocrx_word' id='word_1_359' title='bbox 1076 1879 1125 1909; x_wconf 83' lang='lat' dir='ltr'>die</span> <span class='ocrx_word' id='word_1_360' title='bbox 1137 1902 1145 1917; x_wconf 93' lang='lat'><strong>‚</strong></span> <span class='ocrx_word' id='word_1_361' title='bbox 1160 1891 1246 1920; x_wconf 75' lang='lat' dir='ltr'>aper-</span> 
     </span>
     <span class='ocr_line' id='line_1_70' title="bbox 677 1926 1247 1956; baseline -0.002 0"><span class='ocrx_word' id='word_1_362' title='bbox 677 1934 707 1956; x_wconf 81' lang='lat' dir='ltr'>ta</span> <span class='ocrx_word' id='word_1_363' title='bbox 728 1926 824 1955; x_wconf 91' lang='lat' dir='ltr'>domo</span> <span class='ocrx_word' id='word_1_364' title='bbox 840 1927 985 1955; x_wconf 85' lang='lat' dir='ltr'>examina</span> <span class='ocrx_word' id='word_1_365' title='bbox 1003 1936 1085 1956; x_wconf 84' lang='lat' dir='ltr'>nova</span> <span class='ocrx_word' id='word_1_366' title='bbox 1105 1926 1247 1956; x_wconf 86' lang='lat' dir='ltr'>efferves-</span> 
     </span>
     <span class='ocr_line' id='line_1_71' title="bbox 676 1972 1246 2012; baseline -0.002 -10"><span class='ocrx_word' id='word_1_367' title='bbox 676 1984 746 2002; x_wconf 84' lang='lat' dir='ltr'>cere</span> <span class='ocrx_word' id='word_1_368' title='bbox 771 1973 983 2012; x_wconf 81' lang='lat' dir='ltr'>reperiuntur.</span> <span class='ocrx_word' id='word_1_369' title='bbox 1008 1973 1110 2002; x_wconf 82' lang='lat' dir='ltr'>Facile</span> <span class='ocrx_word' id='word_1_370' title='bbox 1135 1983 1175 2002; x_wconf 84' lang='lat' dir='ltr'>ex</span> <span class='ocrx_word' id='word_1_371' title='bbox 1196 1972 1246 2001; x_wconf 79' lang='lat' dir='ltr'>his</span> 
     </span>
     <span class='ocr_line' id='line_1_72' title="bbox 676 2018 1247 2059; baseline 0 -11"><span class='ocrx_word' id='word_1_372' title='bbox 676 2025 819 2058; x_wconf 80' lang='lat' dir='ltr'>apparet,</span> <span class='ocrx_word' id='word_1_373' title='bbox 838 2018 999 2058; x_wconf 88' lang='lat' dir='ltr'>quomodo</span> <span class='ocrx_word' id='word_1_374' title='bbox 1016 2025 1114 2048; x_wconf 85' lang='lat' dir='ltr'>mater</span> <span class='ocrx_word' id='word_1_375' title='bbox 1130 2019 1195 2059; x_wconf 88' lang='lat' dir='ltr'>apis</span> <span class='ocrx_word' id='word_1_376' title='bbox 1212 2019 1247 2048; x_wconf 92' lang='lat' dir='ltr'>in</span> 
     </span>
     <span class='ocr_line' id='line_1_73' title="bbox 677 2061 1247 2105; baseline 0 -11"><span class='ocrx_word' id='word_1_377' title='bbox 677 2061 757 2095; x_wconf 72' lang='grc' dir='ltr'>οἶκον</span> <span class='ocrx_word' id='word_1_378' title='bbox 774 2071 938 2104; x_wconf 83' lang='lat' dir='ltr'>penetrare</span> <span class='ocrx_word' id='word_1_379' title='bbox 958 2065 1106 2105; x_wconf 84' lang='lat' dir='ltr'>potuerit.</span> <span class='ocrx_word' id='word_1_380' title='bbox 1123 2067 1247 2095; x_wconf 75' lang='lat' dir='ltr'>Balnea</span> 
     </span>
     <span class='ocr_line' id='line_1_74' title="bbox 667 2110 1245 2153; baseline 0 -13"><span class='ocrx_word' id='word_1_381' title='bbox 667 2110 877 2153; x_wconf 70' lang='lat' dir='ltr'>fingmenca,</span> <span class='ocrx_word' id='word_1_382' title='bbox 910 2121 1070 2140; x_wconf 80' lang='lat' dir='ltr'>ramorum</span> <span class='ocrx_word' id='word_1_383' title='bbox 1088 2134 1096 2148; x_wconf 87' lang='lat'>‚</span> <span class='ocrx_word' id='word_1_384' title='bbox 1127 2110 1160 2141; x_wconf 88' lang='lat' dir='ltr'>h.</span> <span class='ocrx_word' id='word_1_385' title='bbox 1196 2121 1245 2140; x_wconf 83' lang='lat' dir='ltr'>ra-</span> 
     </span>
     <span class='ocr_line' id='line_1_75' title="bbox 677 2157 1244 2197; baseline 0.002 -11"><span class='ocrx_word' id='word_1_386' title='bbox 677 2168 756 2188; x_wconf 83' lang='lat' dir='ltr'><strong>mOS.</strong></span> <span class='ocrx_word' id='word_1_387' title='bbox 778 2157 890 2187; x_wconf 75' lang='lat' dir='ltr'>Casias</span> <span class='ocrx_word' id='word_1_388' title='bbox 906 2169 936 2187; x_wconf 89' lang='lat' dir='ltr'>v.</span> <span class='ocrx_word' id='word_1_389' title='bbox 961 2167 1031 2197; x_wconf 90' lang='lat' dir='ltr'>sup.</span> <span class='ocrx_word' id='word_1_390' title='bbox 1054 2157 1095 2187; x_wconf 84' lang='lat' dir='ltr'>ad</span> <span class='ocrx_word' id='word_1_391' title='bbox 1118 2158 1175 2187; x_wconf 89' lang='lat' dir='ltr'>Ge.</span> <span class='ocrx_word' id='word_1_392' title='bbox 1194 2158 1244 2193; x_wconf 91' lang='lat' dir='ltr'>II,</span> 
     </span>
     <span class='ocr_line' id='line_1_76' title="bbox 681 2203 1245 2240; baseline -0.002 -7"><span class='ocrx_word' id='word_1_393' title='bbox 681 2214 697 2234; x_wconf 86' lang='lat'>2</span> <span class='ocrx_word' id='word_1_394' title='bbox 707 2204 813 2234; x_wconf 81' lang='lat'>13.—</span> <span class='ocrx_word' id='word_1_395' title='bbox 825 2204 900 2240; x_wconf 83' lang='grc'>304.</span> <span class='ocrx_word' id='word_1_396' title='bbox 915 2203 1062 2234; x_wconf 79' lang='lat' dir='ltr'>Recencis</span> <span class='ocrx_word' id='word_1_397' title='bbox 1076 2204 1184 2234; x_wconf 83' lang='lat' dir='ltr'>Heins.</span> <span class='ocrx_word' id='word_1_398' title='bbox 1199 2213 1245 2232; x_wconf 86' lang='lat' dir='ltr'>re-</span> 
     </span>
    </p>
   </div>
  </div>
 </body>
</html>
