1408 2428
625 56 741 85 VITA.
1197 60 1285 95 xxvij

93 112 291 150 Faustinus
311 111 476 162 ejusdem
494 112 612 158 furta3
635 125 729 161 quos
753 113 813 148 ille
837 114 889 149 sic
915 115 1042 152 ulcisci
1064 115 1225 161 solebat,
1243 125 1286 151 ut

93 173 239 217 sileret,
265 185 387 221 neque
411 183 542 208 eorum
572 172 722 209 fremitu
749 185 770 208 a
794 173 926 209 studiis
956 175 1031 211 suis
1062 176 1213 212 avocari
1245 189 1284 212 se

94 241 299 282 pateretur.
318 232 500 269 Asconius
518 232 702 269 Pedianus
720 231 819 269 libro
834 261 844 279 ‚
859 247 971 282 quem
991 244 1120 272 contra
1136 236 1285 286 Virgilii

94 293 366 330 obtrectatores
386 292 556 342 scripsit,
577 293 616 329 id
642 294 676 329 ei
698 294 933 342 potissimum
957 295 1146 346 objectum
1171 297 1284 334 fuisse

94 354 204 398 dicit,
221 353 323 402 quod
340 365 409 389 nec
426 360 527 388 recte
544 352 740 389 historiam
761 355 1030 400 contexuisset,
1048 365 1083 392 et
1103 357 1283 407 pleraque

94 413 330 449 desumsisset
349 426 395 449 ex
418 415 604 458 Homer03
625 413 730 449 illum
748 426 840 450 vero
861 414 933 450 hoc
954 415 1118 452 criminis
1141 417 1193 453 sic
1217 417 1284 453 de-

94 473 247 510 fendere
265 474 434 519 solitum,
449 486 518 510 cur
537 487 612 509 non
629 482 665 510 et
682 464 740 510 illi
761 474 891 511 eadem
916 488 1069 525 quoque
1085 477 1185 513 furta
1203 486 1284 514 ten-

95 542 233 579 tarent3
265 534 330 570 sed
363 534 617 570 intellecturos
647 534 790 571 facilius
820 548 899 571 esse
932 535 1088 572 Herculi
1119 536 1281 582 clavam,

92 607 205 643 quam
222 597 389 632 Homero
405 608 556 632 versum
572 596 773 645 surripere.

141 657 283 691 Verum
310 665 352 692 ut
375 664 521 692 tantum
549 665 701 705 poetam
729 656 839 706 pauci
868 657 1010 706 aliquot
1028 659 1202 695 malevoli
1221 673 1283 695 ca—

90 716 191 752 rioso
208 716 318 752 dente
340 725 576 760 arroserunt‚
598 717 648 752 ita
669 729 754 752 eum
771 725 811 752 ut
828 717 951 753 latinae
965 730 1121 767 poeseos
1138 720 1282 768 princi-

91 788 175 823 pem
197 788 239 811 ac
260 788 364 824 paene
383 775 496 811 deum
515 775 630 810 coluit
649 776 810 811 maxima
831 789 916 824 pars
937 778 1175 826 posteritatis.
1192 780 1281 814 Vir-

91 836 168 884 gilii
194 836 392 884 imaginem
408 833 662 870 venerabatur
678 835 810 881 Silius,
829 836 983 885 ejnsque
1008 838 1168 874 natalem
1198 839 1282 874 reli-

90 896 229 945 giosius
255 907 367 943 quam
404 908 513 932 suum
543 894 776 941 celebrabat,
811 896 971 945 Neapoli
1009 898 1189 942 maxime,
1215 896 1282 933 ubi

90 963 373 992 monumentum
387 955 465 1005 ejus
482 955 586 992 adire
596 984 605 1001 ‚
617 965 659 992 ut
674 956 853 1005 templum
863 984 873 1001 ,
891 956 1046 993 solebat.
1063 958 1279 1007 Virgilium,

90 1016 282 1052 Platonem
306 1024 503 1064 poetarum
523 1015 683 1052 vocabat
704 1016 911 1065 imperator
931 1017 1144 1053 Alexander
1166 1020 1282 1054 Seve-

90 1089 173 1121 rus,
194 1077 348 1126 ejusque
369 1076 549 1125 effigiem,
576 1085 616 1112 ut
636 1086 671 1113 et
699 1077 907 1121 Ciceronis,
932 1078 969 1113 in
990 1079 1146 1114 Larario
1167 1078 1281 1114 habe-

90 1136 172 1183 bat,
190 1150 302 1185 quam
327 1136 456 1172 divino
476 1137 551 1173 ritu
568 1137 717 1173 coleret.
745 1136 828 1173 Sed
848 1138 972 1186 potius
989 1139 1081 1187 quid
1098 1139 1176 1187 ipse
1192 1139 1280 1174 Vir-

90 1196 199 1245 gilius
218 1205 344 1241 canat,
368 1209 481 1245 quam
510 1196 602 1245 quid
630 1196 692 1231 alii
719 1195 765 1232 de
789 1208 833 1231 eo
846 1195 1037 1246 judicent,
1063 1198 1277 1243 audiamus3

91 1268 208 1304 quum
228 1268 271 1291 ea
286 1255 350 1300 sit,
366 1265 407 1292 ut
422 1255 610 1291 Macrobii
628 1254 754 1292 verbis
772 1264 876 1300 utar,
892 1256 984 1292 tanti
1003 1265 1122 1305 poetae
1140 1258 1276 1306 gloria,

92 1323 131 1350 ut
162 1314 299 1351 nullius
331 1314 504 1351 laudibus
534 1323 694 1360 crescat,
722 1315 859 1351 nullius
898 1316 1173 1364 vituperatione
1210 1318 1279 1351 mi-

91 1384 237 1410 nitatur.

488 1597 669 1610 »νή-’κῃ
676 1590 721 1610 ζ’)’ς
726 1604 735 1609 .
739 1599 866 1608 ,η-
