<?xml version="1.0" encoding="UTF-8"?>
<!DOCTYPE html PUBLIC "-//W3C//DTD XHTML 1.0 Transitional//EN"
    "http://www.w3.org/TR/xhtml1/DTD/xhtml1-transitional.dtd">
<html xmlns="http://www.w3.org/1999/xhtml" xml:lang="en" lang="en">
 <head>
  <title>
</title>
<meta http-equiv="Content-Type" content="text/html;charset=utf-8" />
  <meta name='ocr-system' content='tesseract 3.04.00' />
  <meta name='ocr-capabilities' content='ocr_page ocr_carea ocr_par ocr_line ocrx_word'/>
</head>
<body>
  <div class='ocr_page' id='page_1' title='image "./operahey01virguoft_0401.png"; bbox 0 0 1377 2428; ppageno 0'>
   <div class='ocr_carea' id='block_1_1' title="bbox 278 80 1021 129">
    <p class='ocr_par' dir='ltr' id='par_1_1' title="bbox 278 80 1021 129">
     <span class='ocr_line' id='line_1_1' title="bbox 278 80 1021 129; baseline -0.001 -1"><span class='ocrx_word' id='word_1_1' title='bbox 278 84 331 128; x_wconf 91' lang='lat' dir='ltr'>P.</span> <span class='ocrx_word' id='word_1_2' title='bbox 378 82 669 129; x_wconf 86' lang='lat' dir='ltr'>VIRGILII</span> <span class='ocrx_word' id='word_1_3' title='bbox 716 80 1021 128; x_wconf 81' lang='lat' dir='ltr'><strong>MARONIS</strong></span> 
     </span>
    </p>
   </div>
   <div class='ocr_carea' id='block_1_2' title="bbox 164 234 1137 332">
    <p class='ocr_par' dir='ltr' id='par_1_2' title="bbox 164 234 1137 332">
     <span class='ocr_line' id='line_1_2' title="bbox 164 234 1137 332; baseline -0.004 -2"><span class='ocrx_word' id='word_1_4' title='bbox 164 234 1137 332; x_wconf 78' lang='lat' dir='ltr'>GEORGICON</span> 
     </span>
    </p>
   </div>
   <div class='ocr_carea' id='block_1_3' title="bbox 308 434 987 507">
    <p class='ocr_par' dir='ltr' id='par_1_3' title="bbox 308 434 987 507">
     <span class='ocr_line' id='line_1_3' title="bbox 308 434 987 507; baseline -0.009 -12"><span class='ocrx_word' id='word_1_5' title='bbox 308 437 550 495; x_wconf 82' lang='lat' dir='ltr'>LIBER</span> <span class='ocrx_word' id='word_1_6' title='bbox 593 434 987 507; x_wconf 75' lang='lat' dir='ltr'><strong>QUARTUS.</strong></span> 
     </span>
    </p>
   </div>
   <div class='ocr_carea' id='block_1_4' title="bbox 62 616 1247 635">
    <p class='ocr_par' dir='ltr' id='par_1_4' title="bbox 62 616 1247 635">
     <span class='ocr_line' id='line_1_4' title="bbox 62 616 1247 635; baseline -0.006 -1"><span class='ocrx_word' id='word_1_7' title='bbox 62 616 1247 635; x_wconf 57' lang='lat' dir='ltr'>mmmmmmmmnmmmmmmmm</span> 
     </span>
    </p>
   </div>
   <div class='ocr_carea' id='block_1_5' title="bbox 428 761 880 800">
    <p class='ocr_par' dir='ltr' id='par_1_5' title="bbox 428 761 880 800">
     <span class='ocr_line' id='line_1_5' title="bbox 428 761 880 800; baseline -0.011 0"><span class='ocrx_word' id='word_1_8' title='bbox 428 761 880 800; x_wconf 82' lang='lat' dir='ltr'><strong>ARGUMENTUM.</strong></span> 
     </span>
    </p>
   </div>
   <div class='ocr_carea' id='block_1_6' title="bbox 572 903 743 911">
    <p class='ocr_par' dir='ltr' id='par_1_6' title="bbox 572 903 743 911">
     <span class='ocr_line' id='line_1_6' title="bbox 572 903 743 911; baseline 0.006 -1"><span class='ocrx_word' id='word_1_9' title='bbox 572 903 743 911; x_wconf 82' lang='lat'>—.—-</span> 
     </span>
    </p>
   </div>
   <div class='ocr_carea' id='block_1_7' title="bbox 20 1002 1250 2157">
    <p class='ocr_par' dir='ltr' id='par_1_7' title="bbox 20 1002 1250 2157">
     <span class='ocr_line' id='line_1_7' title="bbox 107 1002 1246 1046; baseline -0.004 -10"><span class='ocrx_word' id='word_1_10' title='bbox 107 1006 157 1036; x_wconf 68' lang='lat' dir='ltr'>DE</span> <span class='ocrx_word' id='word_1_11' title='bbox 176 1015 208 1034; x_wconf 87' lang='lat' dir='ltr'>re</span> <span class='ocrx_word' id='word_1_12' title='bbox 223 1005 337 1046; x_wconf 81' lang='lat' dir='ltr'>apiaria</span> <span class='ocrx_word' id='word_1_13' title='bbox 351 1012 382 1036; x_wconf 91' lang='lat' dir='ltr'>et</span> <span class='ocrx_word' id='word_1_14' title='bbox 394 1004 554 1037; x_wconf 78' lang='lat' dir='ltr'>memficio</span> <span class='ocrx_word' id='word_1_15' title='bbox 567 1008 601 1036; x_wconf 89' lang='lat' dir='ltr'>in</span> <span class='ocrx_word' id='word_1_16' title='bbox 613 1006 674 1036; x_wconf 89' lang='lat' dir='ltr'>hoc</span> <span class='ocrx_word' id='word_1_17' title='bbox 689 1005 772 1035; x_wconf 87' lang='lat' dir='ltr'>libro</span> <span class='ocrx_word' id='word_1_18' title='bbox 787 1009 924 1041; x_wconf 84' lang='lat' dir='ltr'>acturus,</span> <span class='ocrx_word' id='word_1_19' title='bbox 940 1003 1045 1044; x_wconf 87' lang='lat' dir='ltr'>primo</span> <span class='ocrx_word' id='word_1_20' title='bbox 1059 1002 1132 1032; x_wconf 86' lang='lat' dir='ltr'>loco</span> <span class='ocrx_word' id='word_1_21' title='bbox 1147 1012 1246 1042; x_wconf 84' lang='lat' dir='ltr'>expo-</span> 
     </span>
     <span class='ocr_line' id='line_1_8' title="bbox 62 1063 1250 1109; baseline -0.005 -11"><span class='ocrx_word' id='word_1_22' title='bbox 62 1067 111 1098; x_wconf 84' lang='lat' dir='ltr'>nit</span> <span class='ocrx_word' id='word_1_23' title='bbox 133 1074 370 1109; x_wconf 85' lang='lat' dir='ltr'><strong>argumentum,</strong></span> <span class='ocrx_word' id='word_1_24' title='bbox 386 1069 628 1109; x_wconf 79' lang='lat' dir='ltr'>Maecenatisque</span> <span class='ocrx_word' id='word_1_25' title='bbox 651 1068 821 1109; x_wconf 83' lang='lat' dir='ltr'>propitiam</span> <span class='ocrx_word' id='word_1_26' title='bbox 838 1067 1032 1096; x_wconf 82' lang='lat' dir='ltr'>voluntatem</span> <span class='ocrx_word' id='word_1_27' title='bbox 1055 1063 1116 1094; x_wconf 85' lang='lat' dir='ltr'>sibi</span> <span class='ocrx_word' id='word_1_28' title='bbox 1140 1070 1250 1094; x_wconf 82' lang='lat' dir='ltr'>exorat</span> 
     </span>
     <span class='ocr_line' id='line_1_9' title="bbox 66 1130 1244 1173; baseline -0.005 -9"><span class='ocrx_word' id='word_1_29' title='bbox 66 1144 135 1162; x_wconf 81' lang='lat'>1——</span> <span class='ocrx_word' id='word_1_30' title='bbox 146 1144 176 1172; x_wconf 88' lang='lat'>7.</span> <span class='ocrx_word' id='word_1_31' title='bbox 192 1134 271 1164; x_wconf 86' lang='lat' dir='ltr'>Inde</span> <span class='ocrx_word' id='word_1_32' title='bbox 289 1134 327 1164; x_wconf 90' lang='lat' dir='ltr'>de</span> <span class='ocrx_word' id='word_1_33' title='bbox 351 1135 478 1165; x_wconf 85' lang='lat' dir='ltr'>alvearii</span> <span class='ocrx_word' id='word_1_34' title='bbox 493 1136 556 1165; x_wconf 87' lang='lat' dir='ltr'>situ</span> <span class='ocrx_word' id='word_1_35' title='bbox 567 1158 575 1173; x_wconf 81' lang='lat'>‚</span> <span class='ocrx_word' id='word_1_36' title='bbox 593 1135 725 1171; x_wconf 84' lang='lat' dir='ltr'>fabrica,</span> <span class='ocrx_word' id='word_1_37' title='bbox 745 1141 776 1164; x_wconf 91' lang='lat' dir='ltr'>et</span> <span class='ocrx_word' id='word_1_38' title='bbox 798 1139 949 1173; x_wconf 82' lang='lat' dir='ltr'>apparatu</span> <span class='ocrx_word' id='word_1_39' title='bbox 972 1130 1116 1172; x_wconf 79' lang='lat' dir='ltr'>praecipit</span> <span class='ocrx_word' id='word_1_40' title='bbox 1128 1145 1173 1152; x_wconf 79' lang='lat'>—-</span> <span class='ocrx_word' id='word_1_41' title='bbox 1186 1130 1244 1166; x_wconf 81' lang='lat'>503</span> 
     </span>
     <span class='ocr_line' id='line_1_10' title="bbox 58 1195 1247 1235; baseline -0.003 -10"><span class='ocrx_word' id='word_1_42' title='bbox 58 1202 128 1225; x_wconf 88' lang='lat' dir='ltr'>tum</span> <span class='ocrx_word' id='word_1_43' title='bbox 151 1195 190 1225; x_wconf 91' lang='lat' dir='ltr'>de</span> <span class='ocrx_word' id='word_1_44' title='bbox 211 1197 393 1226; x_wconf 82' lang='lat' dir='ltr'>examinum</span> <span class='ocrx_word' id='word_1_45' title='bbox 416 1197 602 1227; x_wconf 78' lang='lat' dir='ltr'>exeuntium</span> <span class='ocrx_word' id='word_1_46' title='bbox 621 1206 696 1226; x_wconf 82' lang='lat' dir='ltr'>cura</span> <span class='ocrx_word' id='word_1_47' title='bbox 708 1219 715 1233; x_wconf 89' lang='lat'>,</span> <span class='ocrx_word' id='word_1_48' title='bbox 732 1206 787 1225; x_wconf 90' lang='lat' dir='ltr'>seu</span> <span class='ocrx_word' id='word_1_49' title='bbox 800 1206 871 1225; x_wconf 83' lang='lat' dir='ltr'>vere</span> <span class='ocrx_word' id='word_1_50' title='bbox 886 1197 1016 1224; x_wconf 86' lang='lat' dir='ltr'>ineunte</span> <span class='ocrx_word' id='word_1_51' title='bbox 1034 1199 1186 1235; x_wconf 81' lang='lat' dir='ltr'>vagantur</span> <span class='ocrx_word' id='word_1_52' title='bbox 1201 1210 1247 1215; x_wconf 89' lang='lat'>—</span> 
     </span>
     <span class='ocr_line' id='line_1_11' title="bbox 59 1255 1247 1298; baseline 0 -14"><span class='ocrx_word' id='word_1_53' title='bbox 59 1255 114 1293; x_wconf 84' lang='lat'>66,</span> <span class='ocrx_word' id='word_1_54' title='bbox 130 1266 185 1285; x_wconf 86' lang='lat' dir='ltr'>seu</span> <span class='ocrx_word' id='word_1_55' title='bbox 199 1256 237 1285; x_wconf 89' lang='lat' dir='ltr'>ad</span> <span class='ocrx_word' id='word_1_56' title='bbox 249 1268 388 1298; x_wconf 86' lang='lat' dir='ltr'>pugnam</span> <span class='ocrx_word' id='word_1_57' title='bbox 405 1264 542 1296; x_wconf 81' lang='lat' dir='ltr'>exeunt,</span> <span class='ocrx_word' id='word_1_58' title='bbox 556 1257 755 1288; x_wconf 84' lang='lat' dir='ltr'>discordibus</span> <span class='ocrx_word' id='word_1_59' title='bbox 772 1258 855 1286; x_wconf 87' lang='lat' dir='ltr'>inter</span> <span class='ocrx_word' id='word_1_60' title='bbox 872 1267 904 1286; x_wconf 88' lang='lat' dir='ltr'>se</span> <span class='ocrx_word' id='word_1_61' title='bbox 922 1255 1139 1285; x_wconf 81' lang='lat' dir='ltr'>voluntatibus</span> <span class='ocrx_word' id='word_1_62' title='bbox 1153 1265 1247 1295; x_wconf 84' lang='lat' dir='ltr'>super</span> 
     </span>
     <span class='ocr_line' id='line_1_12' title="bbox 57 1317 1245 1359; baseline -0.002 -12"><span class='ocrx_word' id='word_1_63' title='bbox 57 1328 129 1359; x_wconf 89' lang='lat' dir='ltr'>rege</span> <span class='ocrx_word' id='word_1_64' title='bbox 145 1318 281 1349; x_wconf 88' lang='lat' dir='ltr'>creando</span> <span class='ocrx_word' id='word_1_65' title='bbox 296 1336 342 1343; x_wconf 93' lang='lat'>—-·</span> <span class='ocrx_word' id='word_1_66' title='bbox 361 1319 414 1358; x_wconf 88' lang='lat'>87.</span> <span class='ocrx_word' id='word_1_67' title='bbox 434 1322 517 1350; x_wconf 89' lang='lat' dir='ltr'>Tum</span> <span class='ocrx_word' id='word_1_68' title='bbox 532 1320 679 1350; x_wconf 83' lang='lat' dir='ltr'>alteruter</span> <span class='ocrx_word' id='word_1_69' title='bbox 698 1331 754 1350; x_wconf 78' lang='lat' dir='ltr'>rex</span> <span class='ocrx_word' id='word_1_70' title='bbox 774 1326 821 1349; x_wconf 85' lang='lat' dir='ltr'>est</span> <span class='ocrx_word' id='word_1_71' title='bbox 840 1317 1001 1348; x_wconf 86' lang='lat' dir='ltr'>necandus</span> <span class='ocrx_word' id='word_1_72' title='bbox 1014 1334 1060 1340; x_wconf 89' lang='lat'>—-</span> <span class='ocrx_word' id='word_1_73' title='bbox 1078 1327 1138 1346; x_wconf 85' lang='lat'>102</span> <span class='ocrx_word' id='word_1_74' title='bbox 1152 1339 1160 1354; x_wconf 93' lang='lat'>,</span> <span class='ocrx_word' id='word_1_75' title='bbox 1176 1323 1245 1353; x_wconf 88' lang='lat' dir='ltr'>aut,</span> 
     </span>
     <span class='ocr_line' id='line_1_13' title="bbox 56 1377 1244 1423; baseline -0.001 -16"><span class='ocrx_word' id='word_1_76' title='bbox 56 1377 83 1407; x_wconf 83' lang='lat' dir='ltr'>si</span> <span class='ocrx_word' id='word_1_77' title='bbox 99 1385 215 1408; x_wconf 86' lang='lat' dir='ltr'>temere</span> <span class='ocrx_word' id='word_1_78' title='bbox 232 1386 387 1420; x_wconf 85' lang='lat' dir='ltr'>vagantur</span> <span class='ocrx_word' id='word_1_79' title='bbox 399 1391 481 1422; x_wconf 88' lang='lat' dir='ltr'>apes,</span> <span class='ocrx_word' id='word_1_80' title='bbox 495 1383 608 1422; x_wconf 86' lang='lat' dir='ltr'>partim</span> <span class='ocrx_word' id='word_1_81' title='bbox 624 1381 749 1423; x_wconf 80' lang='lat' dir='ltr'>regibus</span> <span class='ocrx_word' id='word_1_82' title='bbox 764 1380 818 1410; x_wconf 84' lang='lat' dir='ltr'>alae</span> <span class='ocrx_word' id='word_1_83' title='bbox 835 1386 909 1410; x_wconf 90' lang='lat' dir='ltr'>sunt</span> <span class='ocrx_word' id='word_1_84' title='bbox 924 1378 1113 1415; x_wconf 73' lang='lat' dir='ltr'>resecandae,</span> <span class='ocrx_word' id='word_1_85' title='bbox 1129 1377 1244 1417; x_wconf 76' lang='lat' dir='ltr'>partim</span> 
     </span>
     <span class='ocr_line' id='line_1_14' title="bbox 57 1439 1245 1482; baseline 0 -14"><span class='ocrx_word' id='word_1_86' title='bbox 57 1446 151 1480; x_wconf 74' lang='lat' dir='ltr'>gratae</span> <span class='ocrx_word' id='word_1_87' title='bbox 164 1439 271 1471; x_wconf 86' lang='lat' dir='ltr'>herbae</span> <span class='ocrx_word' id='word_1_88' title='bbox 281 1442 363 1472; x_wconf 85' lang='lat' dir='ltr'>circa</span> <span class='ocrx_word' id='word_1_89' title='bbox 377 1443 496 1473; x_wconf 82' lang='lat' dir='ltr'>alveare</span> <span class='ocrx_word' id='word_1_90' title='bbox 509 1444 702 1474; x_wconf 82' lang='lat' dir='ltr'>serendae—</span> <span class='ocrx_word' id='word_1_91' title='bbox 715 1454 727 1473; x_wconf 88' lang='lat'>1</span> <span class='ocrx_word' id='word_1_92' title='bbox 738 1455 750 1473; x_wconf 83' lang='lat'>1</span> <span class='ocrx_word' id='word_1_93' title='bbox 759 1443 788 1474; x_wconf 83' lang='lat'>5.</span> <span class='ocrx_word' id='word_1_94' title='bbox 806 1444 888 1474; x_wconf 88' lang='lat' dir='ltr'>Cum</span> <span class='ocrx_word' id='word_1_95' title='bbox 904 1443 1067 1482; x_wconf 85' lang='lat' dir='ltr'>attingeret</span> <span class='ocrx_word' id='word_1_96' title='bbox 1081 1440 1190 1469; x_wconf 87' lang='lat' dir='ltr'>locum</span> <span class='ocrx_word' id='word_1_97' title='bbox 1206 1439 1245 1469; x_wconf 87' lang='lat' dir='ltr'>de</span> 
     </span>
     <span class='ocr_line' id='line_1_15' title="bbox 55 1499 1242 1546; baseline 0 -17"><span class='ocrx_word' id='word_1_98' title='bbox 55 1499 149 1531; x_wconf 87' lang='lat' dir='ltr'>horto</span> <span class='ocrx_word' id='word_1_99' title='bbox 168 1502 320 1541; x_wconf 88' lang='lat' dir='ltr'>colendo,</span> <span class='ocrx_word' id='word_1_100' title='bbox 339 1503 401 1534; x_wconf 86' lang='lat' dir='ltr'>hoc</span> <span class='ocrx_word' id='word_1_101' title='bbox 422 1513 644 1546; x_wconf 84' lang='lat' dir='ltr'>argumentum</span> <span class='ocrx_word' id='word_1_102' title='bbox 661 1507 728 1536; x_wconf 82' lang='lat' dir='ltr'>aliis</span> <span class='ocrx_word' id='word_1_103' title='bbox 751 1504 949 1536; x_wconf 87' lang='lat' dir='ltr'>tractandum</span> <span class='ocrx_word' id='word_1_104' title='bbox 967 1502 1095 1542; x_wconf 87' lang='lat' dir='ltr'>reliquit</span> <span class='ocrx_word' id='word_1_105' title='bbox 1106 1518 1153 1525; x_wconf 85' lang='lat'>-—</span> <span class='ocrx_word' id='word_1_106' title='bbox 1168 1500 1242 1536; x_wconf 75' lang='lat'>148.</span> 
     </span>
     <span class='ocr_line' id='line_1_16' title="bbox 55 1561 1246 1609; baseline 0.003 -20"><span class='ocrx_word' id='word_1_107' title='bbox 55 1561 103 1590; x_wconf 90' lang='lat' dir='ltr'>De</span> <span class='ocrx_word' id='word_1_108' title='bbox 118 1562 268 1604; x_wconf 84' lang='lat' dir='ltr'>ingeniis,</span> <span class='ocrx_word' id='word_1_109' title='bbox 280 1567 412 1603; x_wconf 80' lang='lat' dir='ltr'>naturis,</span> <span class='ocrx_word' id='word_1_110' title='bbox 428 1574 458 1595; x_wconf 86' lang='lat' dir='ltr'>et</span> <span class='ocrx_word' id='word_1_111' title='bbox 471 1569 613 1597; x_wconf 81' lang='lat' dir='ltr'>moribus</span> <span class='ocrx_word' id='word_1_112' title='bbox 629 1580 725 1609; x_wconf 87' lang='lat' dir='ltr'>apum</span> <span class='ocrx_word' id='word_1_113' title='bbox 740 1568 817 1608; x_wconf 82' lang='lat' dir='ltr'>agit,</span> <span class='ocrx_word' id='word_1_114' title='bbox 833 1571 976 1596; x_wconf 83' lang='lat' dir='ltr'>revocata</span> <span class='ocrx_word' id='word_1_115' title='bbox 992 1574 1099 1594; x_wconf 85' lang='lat' dir='ltr'>earum</span> <span class='ocrx_word' id='word_1_116' title='bbox 1117 1573 1246 1593; x_wconf 87' lang='lat' dir='ltr'>oecono-</span> 
     </span>
     <span class='ocr_line' id='line_1_17' title="bbox 54 1621 1247 1668; baseline 0.006 -14"><span class='ocrx_word' id='word_1_117' title='bbox 54 1621 134 1660; x_wconf 81' lang='lat' dir='ltr'>mia,</span> <span class='ocrx_word' id='word_1_118' title='bbox 149 1634 244 1664; x_wconf 84' lang='lat' dir='ltr'>quam</span> <span class='ocrx_word' id='word_1_119' title='bbox 258 1636 407 1656; x_wconf 84' lang='lat' dir='ltr'>vocamus</span> <span class='ocrx_word' id='word_1_120' title='bbox 417 1649 425 1665; x_wconf 86' lang='lat'>,</span> <span class='ocrx_word' id='word_1_121' title='bbox 446 1627 484 1656; x_wconf 86' lang='lat' dir='ltr'>ad</span> <span class='ocrx_word' id='word_1_122' title='bbox 499 1629 680 1668; x_wconf 72' lang='lat' dir='ltr'>reipublicae</span> <span class='ocrx_word' id='word_1_123' title='bbox 695 1629 844 1666; x_wconf 73' lang='lat' dir='ltr'>formam,</span> <span class='ocrx_word' id='word_1_124' title='bbox 858 1638 953 1668; x_wconf 87' lang='lat' dir='ltr'>quam</span> <span class='ocrx_word' id='word_1_125' title='bbox 968 1632 1146 1657; x_wconf 79' lang='lat' dir='ltr'>enarrat-</span> <span class='ocrx_word' id='word_1_126' title='bbox 1159 1629 1223 1658; x_wconf 87' lang='lat'>218</span> <span class='ocrx_word' id='word_1_127' title='bbox 1237 1634 1247 1661; x_wconf 83' lang='lat'><em>3</em></span> 
     </span>
     <span class='ocr_line' id='line_1_18' title="bbox 55 1683 1246 1729; baseline 0.006 -18"><span class='ocrx_word' id='word_1_128' title='bbox 55 1688 120 1712; x_wconf 88' lang='lat' dir='ltr'>tam</span> <span class='ocrx_word' id='word_1_129' title='bbox 133 1683 274 1715; x_wconf 86' lang='lat' dir='ltr'>sollerter</span> <span class='ocrx_word' id='word_1_130' title='bbox 286 1687 463 1718; x_wconf 85' lang='lat' dir='ltr'>institutam</span> <span class='ocrx_word' id='word_1_131' title='bbox 477 1689 573 1726; x_wconf 91' lang='lat' dir='ltr'>illam,</span> <span class='ocrx_word' id='word_1_132' title='bbox 584 1695 620 1719; x_wconf 91' lang='lat' dir='ltr'>ut</span> <span class='ocrx_word' id='word_1_133' title='bbox 638 1690 766 1719; x_wconf 76' lang='lat' dir='ltr'>rationis</span> <span class='ocrx_word' id='word_1_134' title='bbox 780 1690 842 1719; x_wconf 85' lang='lat' dir='ltr'>illae</span> <span class='ocrx_word' id='word_1_135' title='bbox 856 1699 985 1718; x_wconf 88' lang='lat' dir='ltr'>munere</span> <span class='ocrx_word' id='word_1_136' title='bbox 998 1689 1166 1729; x_wconf 84' lang='lat' dir='ltr'>impertitae</span> <span class='ocrx_word' id='word_1_137' title='bbox 1180 1699 1246 1719; x_wconf 82' lang='lat' dir='ltr'>esse</span> 
     </span>
     <span class='ocr_line' id='line_1_19' title="bbox 54 1742 1246 1790; baseline 0.006 -17"><span class='ocrx_word' id='word_1_138' title='bbox 54 1742 277 1776; x_wconf 68' lang='lat' dir='ltr'>videantur——</span> <span class='ocrx_word' id='word_1_139' title='bbox 287 1759 326 1778; x_wconf 84' lang='lat'>22</span> <span class='ocrx_word' id='word_1_140' title='bbox 334 1759 363 1788; x_wconf 90' lang='lat'>7.</span> <span class='ocrx_word' id='word_1_141' title='bbox 387 1751 534 1790; x_wconf 85' lang='lat' dir='ltr'>Sequitur</span> <span class='ocrx_word' id='word_1_142' title='bbox 560 1750 649 1780; x_wconf 90' lang='lat' dir='ltr'>locus</span> <span class='ocrx_word' id='word_1_143' title='bbox 675 1750 714 1780; x_wconf 85' lang='lat' dir='ltr'>de</span> <span class='ocrx_word' id='word_1_144' title='bbox 737 1751 914 1780; x_wconf 83' lang='lat' dir='ltr'>exemtione</span> <span class='ocrx_word' id='word_1_145' title='bbox 942 1750 1087 1780; x_wconf 88' lang='lat' dir='ltr'>favorum</span> <span class='ocrx_word' id='word_1_146' title='bbox 1102 1768 1148 1773; x_wconf 89' lang='lat'><em>-</em></span> <span class='ocrx_word' id='word_1_147' title='bbox 1160 1750 1224 1780; x_wconf 80' lang='lat'>238</span> <span class='ocrx_word' id='word_1_148' title='bbox 1236 1761 1246 1788; x_wconf 92' lang='lat'>;</span> 
     </span>
     <span class='ocr_line' id='line_1_20' title="bbox 55 1805 1245 1852; baseline 0.005 -16"><span class='ocrx_word' id='word_1_149' title='bbox 55 1805 105 1836; x_wconf 81' lang='lat' dir='ltr'>sin</span> <span class='ocrx_word' id='word_1_150' title='bbox 124 1806 321 1849; x_wconf 81' lang='lat' dir='ltr'>relinquatur</span> <span class='ocrx_word' id='word_1_151' title='bbox 337 1821 409 1851; x_wconf 88' lang='lat' dir='ltr'>pars</span> <span class='ocrx_word' id='word_1_152' title='bbox 431 1812 595 1849; x_wconf 87' lang='lat' dir='ltr'>favorum;</span> <span class='ocrx_word' id='word_1_153' title='bbox 616 1822 687 1852; x_wconf 86' lang='lat' dir='ltr'>quae</span> <span class='ocrx_word' id='word_1_154' title='bbox 706 1819 774 1842; x_wconf 88' lang='lat' dir='ltr'>tum</span> <span class='ocrx_word' id='word_1_155' title='bbox 796 1811 933 1841; x_wconf 82' lang='lat' dir='ltr'>curanda</span> <span class='ocrx_word' id='word_1_156' title='bbox 961 1812 1024 1842; x_wconf 89' lang='lat' dir='ltr'>sint</span> <span class='ocrx_word' id='word_1_157' title='bbox 1036 1811 1172 1843; x_wconf 81' lang='lat' dir='ltr'>—25o.</span> <span class='ocrx_word' id='word_1_158' title='bbox 1195 1813 1245 1842; x_wconf 87' lang='lat' dir='ltr'>De</span> 
     </span>
     <span class='ocr_line' id='line_1_21' title="bbox 51 1867 1246 1914; baseline 0.005 -17"><span class='ocrx_word' id='word_1_159' title='bbox 51 1867 170 1898; x_wconf 84' lang='lat' dir='ltr'>morbis</span> <span class='ocrx_word' id='word_1_160' title='bbox 183 1879 278 1910; x_wconf 89' lang='lat' dir='ltr'>apum</span> <span class='ocrx_word' id='word_1_161' title='bbox 292 1877 322 1900; x_wconf 91' lang='lat' dir='ltr'>et</span> <span class='ocrx_word' id='word_1_162' title='bbox 334 1872 521 1903; x_wconf 86' lang='lat' dir='ltr'>morborum</span> <span class='ocrx_word' id='word_1_163' title='bbox 534 1883 609 1903; x_wconf 87' lang='lat' dir='ltr'>cura</span> <span class='ocrx_word' id='word_1_164' title='bbox 618 1891 665 1897; x_wconf 92' lang='lat'>---</span> <span class='ocrx_word' id='word_1_165' title='bbox 675 1874 752 1904; x_wconf 86' lang='lat'>280.</span> <span class='ocrx_word' id='word_1_166' title='bbox 764 1876 811 1904; x_wconf 91' lang='lat' dir='ltr'>De</span> <span class='ocrx_word' id='word_1_167' title='bbox 828 1873 981 1903; x_wconf 75' lang='lat' dir='ltr'>examinis</span> <span class='ocrx_word' id='word_1_168' title='bbox 992 1874 1141 1904; x_wconf 80' lang='lat' dir='ltr'>exstincti</span> <span class='ocrx_word' id='word_1_169' title='bbox 1157 1883 1246 1914; x_wconf 85' lang='lat' dir='ltr'>repa·-</span> 
     </span>
     <span class='ocr_line' id='line_1_22' title="bbox 55 1929 1247 1976; baseline 0.008 -18"><span class='ocrx_word' id='word_1_170' title='bbox 55 1929 186 1967; x_wconf 89' lang='lat' dir='ltr'>ratione,</span> <span class='ocrx_word' id='word_1_171' title='bbox 200 1936 232 1961; x_wconf 86' lang='lat' dir='ltr'>et</span> <span class='ocrx_word' id='word_1_172' title='bbox 253 1931 292 1961; x_wconf 88' lang='lat' dir='ltr'>de</span> <span class='ocrx_word' id='word_1_173' title='bbox 313 1935 576 1973; x_wconf 83' lang='lat' dir='ltr'>progeneratione</span> <span class='ocrx_word' id='word_1_174' title='bbox 597 1946 706 1976; x_wconf 86' lang='lat' dir='ltr'>apum,</span> <span class='ocrx_word' id='word_1_175' title='bbox 719 1946 760 1965; x_wconf 80' lang='lat' dir='ltr'>ex</span> <span class='ocrx_word' id='word_1_176' title='bbox 778 1936 916 1973; x_wconf 85' lang='lat' dir='ltr'>juvenco</span> <span class='ocrx_word' id='word_1_177' title='bbox 932 1943 1073 1976; x_wconf 86' lang='lat' dir='ltr'>peremto</span> <span class='ocrx_word' id='word_1_178' title='bbox 1096 1943 1127 1966; x_wconf 84' lang='lat' dir='ltr'>et</span> <span class='ocrx_word' id='word_1_179' title='bbox 1142 1942 1247 1976; x_wconf 84' lang='lat' dir='ltr'>putre-</span> 
     </span>
     <span class='ocr_line' id='line_1_23' title="bbox 20 1988 1247 2036; baseline 0.007 -19"><span class='ocrx_word' id='word_1_180' title='bbox 20 2010 29 2017; x_wconf 94' lang='lat'><strong><em>.</em></strong></span> <span class='ocrx_word' id='word_1_181' title='bbox 56 1988 140 2019; x_wconf 86' lang='lat' dir='ltr'>facto</span> <span class='ocrx_word' id='word_1_182' title='bbox 149 2006 196 2013; x_wconf 89' lang='lat'>--</span> <span class='ocrx_word' id='word_1_183' title='bbox 207 1990 223 2020; x_wconf 81' lang='lat'>3</span> <span class='ocrx_word' id='word_1_184' title='bbox 232 2000 244 2020; x_wconf 93' lang='lat'>1</span> <span class='ocrx_word' id='word_1_185' title='bbox 255 2000 282 2021; x_wconf 91' lang='lat'>1.</span> <span class='ocrx_word' id='word_1_186' title='bbox 299 1992 396 2032; x_wconf 89' lang='lat' dir='ltr'>Quod</span> <span class='ocrx_word' id='word_1_187' title='bbox 411 2004 484 2023; x_wconf 90' lang='lat' dir='ltr'>cum</span> <span class='ocrx_word' id='word_1_188' title='bbox 497 1994 662 2025; x_wconf 88' lang='lat' dir='ltr'>inventum</span> <span class='ocrx_word' id='word_1_189' title='bbox 674 1994 800 2025; x_wconf 87' lang='lat' dir='ltr'>Aristaei</span> <span class='ocrx_word' id='word_1_190' title='bbox 815 2005 879 2024; x_wconf 86' lang='lat' dir='ltr'>esse</span> <span class='ocrx_word' id='word_1_191' title='bbox 894 1995 1108 2036; x_wconf 80' lang='lat' dir='ltr'>perhibeatur,</span> <span class='ocrx_word' id='word_1_192' title='bbox 1117 1994 1247 2026; x_wconf 86' lang='lat' dir='ltr'>descen-</span> 
     </span>
     <span class='ocr_line' id='line_1_24' title="bbox 57 2042 1241 2098; baseline 0.007 -19"><span class='ocrx_word' id='word_1_193' title='bbox 57 2049 105 2080; x_wconf 73' lang='lat' dir='ltr'>dit</span> <span class='ocrx_word' id='word_1_194' title='bbox 118 2050 158 2080; x_wconf 83' lang='lat' dir='ltr'>ad</span> <span class='ocrx_word' id='word_1_195' title='bbox 171 2053 400 2085; x_wconf 80' lang='lat' dir='ltr'>enarrationem</span> <span class='ocrx_word' id='word_1_196' title='bbox 408 2055 532 2094; x_wconf 74' lang='lat' dir='ltr'>fabulae,</span> <span class='ocrx_word' id='word_1_197' title='bbox 542 2067 604 2098; x_wconf 88' lang='lat' dir='ltr'>qua</span> <span class='ocrx_word' id='word_1_198' title='bbox 620 2057 673 2087; x_wconf 87' lang='lat' dir='ltr'>ille</span> <span class='ocrx_word' id='word_1_199' title='bbox 688 2057 788 2087; x_wconf 89' lang='lat' dir='ltr'>fertur</span> <span class='ocrx_word' id='word_1_200' title='bbox 798 2057 954 2087; x_wconf 74' lang='lat' dir='ltr'>exstincto</span> <span class='ocrx_word' id='word_1_201' title='bbox 970 2057 1114 2087; x_wconf 80' lang='lat' dir='ltr'>examine</span> <span class='ocrx_word' id='word_1_202' title='bbox 1131 2042 1241 2088; x_wconf 77' lang='lat' dir='ltr'>adiisse</span> 
     </span>
     <span class='ocr_line' id='line_1_25' title="bbox 58 2114 1246 2157; baseline 0.007 -15"><span class='ocrx_word' id='word_1_203' title='bbox 58 2118 191 2144; x_wconf 85' lang='lat' dir='ltr'>matrem</span> <span class='ocrx_word' id='word_1_204' title='bbox 206 2114 370 2156; x_wconf 84' lang='lat' dir='ltr'>Cyrenen,</span> <span class='ocrx_word' id='word_1_205' title='bbox 385 2116 424 2147; x_wconf 90' lang='lat' dir='ltr'>ab</span> <span class='ocrx_word' id='word_1_206' title='bbox 441 2117 500 2148; x_wconf 89' lang='lat' dir='ltr'>hac</span> <span class='ocrx_word' id='word_1_207' title='bbox 510 2119 614 2157; x_wconf 85' lang='lat' dir='ltr'>jussus</span> <span class='ocrx_word' id='word_1_208' title='bbox 632 2119 796 2150; x_wconf 81' lang='lat' dir='ltr'>consulere</span> <span class='ocrx_word' id='word_1_209' title='bbox 811 2121 976 2157; x_wconf 90' lang='lat' dir='ltr'>Proteum,</span> <span class='ocrx_word' id='word_1_210' title='bbox 987 2118 1026 2149; x_wconf 90' lang='lat' dir='ltr'>de</span> <span class='ocrx_word' id='word_1_211' title='bbox 1037 2120 1152 2150; x_wconf 87' lang='lat' dir='ltr'>caussis</span> <span class='ocrx_word' id='word_1_212' title='bbox 1165 2119 1246 2150; x_wconf 86' lang='lat' dir='ltr'>cala-</span> 
     </span>
    </p>
   </div>
   <div class='ocr_carea' id='block_1_8' title="bbox 61 2175 1240 2224">
    <p class='ocr_par' dir='ltr' id='par_1_8' title="bbox 61 2175 1240 2224">
     <span class='ocr_line' id='line_1_26' title="bbox 61 2175 1240 2224; baseline 0.006 -19"><span class='ocrx_word' id='word_1_213' title='bbox 61 2175 178 2208; x_wconf 85' lang='lat' dir='ltr'>mitatis</span> <span class='ocrx_word' id='word_1_214' title='bbox 197 2183 229 2209; x_wconf 83' lang='lat' dir='ltr'>et</span> <span class='ocrx_word' id='word_1_215' title='bbox 243 2178 383 2220; x_wconf 85' lang='lat' dir='ltr'>ejusdem</span> <span class='ocrx_word' id='word_1_216' title='bbox 396 2179 557 2219; x_wconf 82' lang='lat' dir='ltr'>remediis,</span> <span class='ocrx_word' id='word_1_217' title='bbox 573 2179 766 2222; x_wconf 84' lang='lat' dir='ltr'>edoctusque</span> <span class='ocrx_word' id='word_1_218' title='bbox 776 2203 785 2220; x_wconf 91' lang='lat'>,</span> <span class='ocrx_word' id='word_1_219' title='bbox 805 2181 943 2212; x_wconf 83' lang='lat' dir='ltr'>evenisse</span> <span class='ocrx_word' id='word_1_220' title='bbox 957 2180 1018 2213; x_wconf 85' lang='lat' dir='ltr'>sibi</span> <span class='ocrx_word' id='word_1_221' title='bbox 1035 2191 1102 2213; x_wconf 84' lang='lat' dir='ltr'>rem</span> <span class='ocrx_word' id='word_1_222' title='bbox 1117 2182 1160 2214; x_wconf 87' lang='lat' dir='ltr'>ob</span> <span class='ocrx_word' id='word_1_223' title='bbox 1178 2183 1240 2224; x_wconf 81' lang='lat' dir='ltr'>pia-</span> 
     </span>
    </p>
   </div>
  </div>
 </body>
</html>
