1377 2428
563 80 685 110 LIBER
709 81 768 110 HI.

71 138 317 182 Nascentmn,
335 136 520 186 plenoque
541 137 654 173 alium
671 136 916 186 circumspice
932 150 1076 187 campo.

1211 145 1260 178 39⁰

66 198 225 232 Munere
245 197 296 232 sic
312 196 425 232 niveo
442 197 555 240 lanae,
573 196 604 232 si
625 198 779 232 credere
799 196 954 246 dignum
971 206 1044 242 est,

68 257 143 290 Pan
158 255 249 291 deus
265 254 437 291 Arcadiae
457 263 606 305 captam
626 262 680 300 te,
698 258 825 299 Luna,
843 256 990 301 fefellit,

67 317 111 351 In
127 328 281 351 nemora
298 315 371 351 alta
389 327 546 361 vocan53
564 328 632 350 nec
649 323 687 351 tu
708 315 932 364 adspernata
952 323 1162 352 vocantem.

118 378 184 421 At,
206 375 266 411 cui
281 375 386 411 lactis
402 387 526 420 amor,
545 375 705 424 cytisum
721 375 894 424 lotosque
911 376 1116 424 frequentis

66 440 151 486 Ipse
172 449 286 472 manu
304 437 493 485 salsasque
515 436 609 473 ferat
626 435 859 486 praesepibus
879 435 1028 473 herbas.

1209 446 1256 478 395

66 497 163 533 Hinc
180 506 215 534 et
231 505 356 533 amant
372 497 507 533 fluvios
523 498 658 546 magis,
675 506 712 534 et
727 497 844 546 magis
859 496 979 533 ubera
994 496 1169 544 tendunt,

66 558 111 592 Et
127 556 212 592 salis
232 557 423 592 occultum
443 556 612 593 referunt
631 557 668 592 in
685 557 782 593 lacte
798 570 982 606 saporem.

64 617 175 653 Multi
186 616 263 666 jam
279 626 448 653 excretos
469 617 674 666 prohibent
694 630 715 654 a
734 616 919 654 matribus
939 616 1087 663 haedos,

64 769 96 798 6.
108 770 243 799 wVarro
258 771 295 799 R.
311 771 350 799 R.
365 770 406 805 II,
423 779 453 804 2,
470 770 631 805 43Colum.

64 816 136 852 VII,
154 826 183 850 2,
199 816 230 851 6,
247 816 263 844 3
276 837 283 851 ‚
304 826 329 852 13
344 814 457 845 Paflad.
469 818 542 852 VII,
556 822 584 852 4,
601 827 632 853 23

64 860 144 891 Plin.
170 863 270 898 VIII,
297 867 349 899 47,
372 872 396 891 s,
425 863 632 899 723Aristot.

65 908 144 937 Hist.
160 909 267 937 Anim.
282 909 345 945 VI,
364 909 414 938 13.
429 908 468 938 cf.
484 908 630 948 Calpurn.

62 954 168 994 Eclog.
184 956 226 990 11,
240 955 280 983 36
294 965 362 994 sqq.
375 953 413 983 de
425 954 531 994 lingua
544 955 631 995 nigra

63 999 176 1029 coloris
189 1001 267 1029 varii
279 1011 382 1029 caussa
392 1001 426 1029 in
437 1000 546 1030 sobole
559 1012 630 1030 cou-

62 1052 141 1075 stare
148 1046 257 1075 debuit
269 1057 285 1075 e
297 1047 390 1087 longa
398 1046 626 1079 observatione.

61 1093 184 1132 ——390.
191 1093 492 1123 NascunturMedic.
501 1104 517 1122 a
526 1104 567 1123 m.
576 1105 625 1133 pr.

63 1140 247 1167 Poscentum
282 1141 364 1169 Vcn.
379 1150 388 1176 3
412 1150 470 1179 pro
495 1142 630 1169 Pascen-

62 1191 127 1214 tum
156 1185 303 1215 credebat
330 1187 436 1216 Burm.
464 1186 632 1216 ssVascemis

63 1231 166 1261 Mead.
182 1232 284 1260 Pleno
308 1234 384 1272 Reg.
404 1233 545 1262 Martim'.
562 1233 633 1261 Ple-

63 1287 199 1317 nnmque
223 1277 372 1307 Rottend.
398 1278 450 1308 alt.
477 1278 630 1319 Campum

63 1325 139 1364 ch.
153 1341 200 1345 -
209 1323 317 1352 Alium
330 1325 531 1363 circumspice
541 1335 557 1353 e
567 1335 632 1365 gre·

62 1380 109 1410 ge.
124 1369 312 1400 Nobilitavit
323 1380 391 1399 rem
403 1377 530 1400 tenuem
548 1380 555 1401 ε
563 1371 632 1411 ple-

62 1426 102 1444 no
115 1426 239 1456 campo.

110 1463 186 1501 391.
215 1463 235 1492 J
238 1473 267 1493 ο.
306 1462 466 1493 Schrader.
499 1463 632 1493 malebat

64 1508 199 1538 Vellere.
215 1509 238 1536 S
240 1509 267 1537 ἰι·
279 1509 406 1538 credere
418 1508 521 1539 codex
532 1511 631 1540 Servii

62 1553 102 1583 ad
122 1555 239 1595 Georg.
256 1557 281 1592 I,
301 1555 353 1591 16,
368 1555 451 1585 sacili
470 1556 569 1596 lapsu.
582 1574 630 1580 —-

62 1600 180 1631 Fabula
210 1612 227 1631 e
257 1601 415 1632 Nicandro
443 1609 542 1632 sumta
573 1605 629 1643 qui

61 1647 215 1688 Georgica
245 1655 275 1677 et
303 1649 369 1688 ipse
396 1649 570 1689 scripserat.
597 1661 628 1681 v,

60 1693 201 1725 Macrob.
228 1696 352 1725 Satura.
371 1697 411 1731 V,
436 1705 488 1726 22.
508 1698 571 1725 Pan
594 1697 629 1726 in

59 1740 187 1769 arietem
217 1748 357 1770 mutatus
386 1741 472 1771 nivei
506 1742 629 1773 velleris

59 1785 295 1825 pulchritudine
321 1789 441 1816 Lunam
465 1789 500 1817 in
524 1799 631 1819 nemo-

60 1842 132 1861 rum
153 1843 291 1862 recessus
312 1833 492 1873 pellexerat.
507 1835 628 1866 Probus

61 1878 146 1907 nivei
157 1879 259 1907 arietis
277 1879 391 1909 vellere
405 1890 436 1909 se
455 1881 628 1912 circumde-

61 1923 141 1953 disse
154 1926 284 1961 Panem,
299 1926 389 1954 etiam
405 1936 446 1954 ex
458 1927 630 1966 Nicandro,

61 1977 222 2000 memorat.
229 1971 338 2000 Plures
347 1971 506 2001 Arcadum
518 1973 630 2005 fabulae

43 2017 52 2025 ‘
61 2017 192 2046 fuerunt
204 2016 242 2045 de
261 2018 349 2046 Luna
362 2017 417 2046 dea
426 2040 434 2055 ,
449 2029 466 2047 e
485 2019 565 2049 coelo
577 2031 630 2050 vo,

60 2069 125 2092 cata
139 2073 148 2094 ε
161 2064 277 2103 placuit
290 2063 433 2104 inprimis
445 2066 545 2104 poetis
557 2076 630 2096 nar-

61 2110 141 2139 ratio
163 2110 201 2139 de
223 2109 430 2151 Endymionis
449 2112 629 2143 amoribus:

61 2155 179 2195 quibus
208 2155 340 2186 adducta
370 2159 457 2187 Luna
487 2157 525 2187 de
549 2159 629 2188 coelo

61 2201 234 2233 descendit.
243 2204 357 2233 Visum
372 2203 510 2244 aliquod,
522 2205 628 2246 opina-

687 776 753 799 tum
766 792 774 806 ‚
802 770 970 810 populare,
995 769 1255 811 (philosophema

687 816 827 856 appello,
847 818 997 856 quoniam
1011 815 1098 845 aliud
1115 818 1254 847 vocabu-

686 862 754 891 lum
773 863 869 902 magis
885 869 993 902 aptum
1004 862 1088 892 haud
1101 863 1254 905 suppetit)

686 909 720 937 in
738 908 842 937 fabula
858 908 916 937 hac
929 910 1057 948 antiqua
1071 909 1166 939 latere
1178 921 1253 950 pro—

684 954 789 984 babile
798 953 851 991 fit3
866 954 945 984 forte
955 957 1051 984 Lunae
1067 954 1252 995 deliquium.

683 1002 748 1030 Pau
766 1001 925 1030 Arcadum
951 1000 1028 1030 deus
1053 1001 1253 1039 domesticus,

681 1057 746 1087 quo
773 1049 923 1078 Naturam
950 1058 1056 1077 rerum
1085 1047 1254 1079 declarasse

680 1092 838 1124 videmur.

732 1141 922 1179 394-403,
932 1141 1025 1171 Nunc
1035 1140 1073 1170 de
1087 1140 1176 1171 Iactis
1191 1148 1253 1171 stt}

683 1186 748 1216 dio.
773 1188 796 1216 E
821 1189 965 1216 Varrone
993 1189 1041 1224 II,
1063 1198 1080 1216 2
1094 1210 1102 1224 ‚
1134 1199 1184 1227 19.
1212 1189 1250 1219 cf.

684 1232 800 1263 Pallad.
838 1235 918 1269 XII,
952 1234 989 1262 13
1002 1256 1010 1269 ‚
1039 1234 1078 1271 83
1105 1234 1250 1274 Geopmz.

684 1280 811 1315 XVIII,
831 1289 868 1307 12
897 1285 927 1307 et
951 1290 1000 1318 19·
1018 1281 1066 1309 De
1087 1279 1167 1317 loto,
1181 1280 1254 1310 her-

684 1324 734 1360 ba,
750 1335 820 1364 qum
842 1332 871 1354 et
890 1325 1064 1361 melilotus,
1083 1337 1113 1356 v.
1130 1326 1170 1355 ad
1193 1327 1250 1358 Ge.

684 1372 731 1407 II,
750 1372 803 1406 84.
819 1372 949 1410 -396.
970 1372 1116 1401 Tendunt
1135 1372 1178 1413 (f.
1190 1372 1252 1403 dis-

684 1417 821 1446 tendunt
832 1441 840 1454 ,
860 1418 1030 1447 distentam
1040 1441 1048 1454 ,
1065 1425 1102 1447 ut
1116 1418 1206 1455 alibi,
1218 1430 1251 1449 v.

684 1474 711 1493 c.
723 1463 791 1494 Ecl.
809 1465 866 1501 lx,
882 1465 899 1493 3
910 1475 920 1493 1
935 1464 947 1505 )
966 1464 1060 1493 ubera
1070 1465 1161 1495 lacte.
1171 1467 1252 1496 Nam

682 1510 893 1550 pinguescunt
908 1521 983 1539 oves
996 1511 1194 1551 potissimum
1211 1522 1252 1542 ex

682 1562 773 1595 potu.
806 1558 934 1586 Notavit
967 1558 1030 1594 jam
1067 1558 1252 1588 Aristoteles

682 1602 801 1634 Histor.
818 1604 925 1633 Anim.
941 1604 1031 1640 VIII,
1047 1613 1097 1634 10.

731 1649 809 1688 398ι
838 1651 881 1679 Ut
907 1649 995 1678 lactis
1023 1650 1172 1688 majorem
1199 1661 1251 1681 eo—

682 1695 767 1735 piam
790 1695 936 1732 habeant,
954 1696 1046 1724 multi
1064 1696 1171 1725 haedos
1185 1707 1252 1726 non

682 1741 874 1771 submittunt
887 1742 1028 1782 capellae,
1041 1742 1095 1772 sed
1113 1743 1218 1771 statim
1234 1753 1252 1772 a

681 1794 779 1817 matre
789 1788 952 1828 depellunt
965 1788 1106 1818 sobolem
1116 1788 1160 1829 (et
1174 1800 1205 1819 v.
1223 1799 1251 1820 e.

681 1834 835 1871 vendunt,
852 1841 988 1863 mactant
1011 1841 1070 1864 etc.
1083 1834 1095 1876 )
1107 1837 1182 1864 Jam
1200 1845 1251 1864 ac-

682 1881 766 1920 cipio
789 1891 847 1920 pro
878 1891 986 1920 porro.
1011 1881 1108 1911 Blulce'
1123 1881 1252 1921 (eadem

682 1928 833 1956 orationis
843 1927 943 1956 forma
960 1927 1016 1957 Ge.
1032 1929 1057 1963 I,
1077 1927 1143 1957 225
1157 1927 1255 1957 Multi

683 1980 758 2002 ante
779 1983 923 2002 occasum
943 1972 1043 2002 Maiae
1064 1984 1204 2013 coepere;
1222 1981 1254 2004 et

687 2029 699 2047 1
706 2029 725 2058 9
731 2018 894 2055 &Semina
901 2018 975 2049 vidi
983 2019 1128 2059 equidem
1137 2020 1254 2053 multo)

685 2065 875 2105 medicare)
894 2064 1065 2105 prohibent
1096 2065 1204 2096 haedos
1230 2077 1253 2096 a

684 2111 850 2147 matribus,
866 2118 898 2142 et
919 2118 1109 2150 excernant,
1127 2123 1183 2143 seu
1203 2123 1252 2143 se-

684 2165 819 2187 cernunt
827 2181 835 2195 ,
847 2165 994 2188 amovent
1004 2168 1012 2189 :
1021 2158 1097 2188 hinc
1111 2160 1252 2189 ornatius

682 2203 803 2239 dictum
818 2203 988 2246 prohibent
1001 2212 1145 2236 excretos
1155 2229 1163 2244 ,
1182 2208 1251 2239 Ser-
