1408 2428
604 61 723 91 LIBER
749 63 772 91 Ι.

92 118 228 155 Omnia
247 126 335 154 tunc
355 117 497 167 pariter
514 125 627 153 vento
646 117 858 167 nimbisque
874 120 1020 158 videbis

1217 78 1282 108 209

1234 135 1282 162 455

90 181 252 215 Fervere
268 191 275 211 :
292 189 368 212 non
384 177 445 212 illa
461 176 658 225 quisquam
678 190 736 212 me
756 186 864 213 nocte
882 192 950 227 per
967 180 1083 216 altum

90 241 168 282 Ire,
186 250 309 285 neque
330 249 350 272 a
369 245 469 272 terra
485 245 634 272 moneat
651 237 861 273 convellere
879 238 1018 275 funem.

88 299 137 332 At
153 296 201 341 si,
218 309 334 345 quum
350 296 562 344 referetque
582 295 698 341 diem,
715 296 925 345 condetque
942 298 1100 335 relatum
1111 327 1120 345 ‚

88 356 252 393 Lucidus
272 355 374 391 orbis
394 355 465 391 erit
483 369 490 390 ε
513 355 651 392 frustra
669 356 860 394 terrebere
877 357 1034 403 nimbis,

89 419 133 452 Et
150 417 251 452 claro
271 416 380 452 silvas
398 428 527 451 cernes
544 415 718 464 aquilone
738 417 895 453 moveri.

1231 429 1279 456 460

87 476 277 525 Denique,
295 475 386 524 quid
403 489 536 524 vesper
551 489 655 513 serus
674 477 805 522 vehat,
830 477 928 513 unde
944 490 1093 513 serenas

87 539 229 572 Ventus
245 544 330 585 agat
343 535 481 582 nubes,
498 536 589 585 quid
609 536 747 586 cogitet
766 536 943 574 humidus
960 541 1120 583 Auster,

91 694 229 724 Gudian.
250 694 334 724 Leid.
362 705 410 734 pr.
430 711 476 716 —
494 694 658 724 Miscerier

90 740 175 770 Leid.
194 741 279 770 alter.
294 758 340 763 -—
354 740 409 769 Sin
426 741 579 776 maculae,
608 742 657 770 sin

89 787 253 826 permixtae
267 788 349 815 inter
362 797 393 814 se
410 794 503 815 erunt
519 793 548 815 et
562 788 658 827 nigroe

90 839 120 861 et
131 833 243 863 rulilae.
253 851 299 855 —-
308 833 441 867 452——4
450 833 498 861 55.
511 834 557 861 Ex
568 834 656 863 Arat.

90 880 227 908 Diosem.
243 888 486 916 102—107.——
498 878 573 912 (456.
587 881 657 907 Fer-

90 935 158 954 vere
177 924 348 965 elegantius
362 934 456 963 quam
473 924 608 964 impleri.
625 926 656 954 Si

89 971 176 1000 venti
203 978 234 1000 et
264 971 364 1000 nimbi
396 981 519 1010 quaqua
547 981 656 1000 versus

89 1016 220 1053 fervent,
236 1024 271 1046 ut
281 1028 326 1046 VS.
340 1018 401 1055 327
418 1016 655 1056 oequordietum

80 1062 215 1103 fhrvere,
232 1063 270 1092 de
286 1074 399 1103 magno
415 1070 501 1092 motu
520 1070 550 1092 et
565 1064 657 1102 agita-

90 1111 184 1139 tione.
218 1111 255 1138 In
280 1109 342 1138 illis
365 1117 469 1138 autem
487 1119 494 1138 :
514 1120 577 1137 non
598 1109 657 1138 illa

89 1155 256 1196 quisquam
277 1166 326 1185 me
345 1163 435 1185 nocte
453 1162 511 1185 etc.
524 1178 532 1191 ‚
553 1156 657 1184 suavis

88 1203 248 1238 orationis,
263 1203 405 1242 inprimis
419 1203 570 1231 tenuioris
581 1224 589 1238 ‚
609 1211 657 1230 va-

87 1247 205 1277 riandae
220 1249 324 1285 color,
340 1248 449 1277 similis
461 1249 521 1277 illis
533 1250 590 1278 Ge.
605 1250 651 1284 II,

91 1294 155 1323 315
180 1295 248 1323 ,Νει-
264 1294 320 1324 tibi
334 1302 400 1323 tam
413 1295 554 1334 prudens
573 1294 653 1333 quis-

88 1351 184 1380 quam
202 1340 401 1380 persuadeat
422 1347 535 1369 auctor
552 1340 653 1369 Tellu-

87 1397 355 1421 rem—movere;
373 1388 431 1422 111,
450 1386 514 1421 436
532 1387 581 1415 Ne
594 1386 652 1414 mi-

89 1431 123 1461 Ιιί
150 1440 215 1461 tum
243 1432 353 1461 molles
374 1432 428 1460 sub
445 1432 497 1460 dio
523 1442 653 1471 carpere

88 1488 231 1513 somnos,
258 1479 329 1507 Neu
348 1477 439 1507 dorso
465 1477 599 1506 nemoris
617 1477 654 1506 li-

87 1532 160 1553 ceat
179 1524 317 1565 jacuisse
332 1535 395 1563 per
417 1523 556 1554 herbam.
574 1523 652 1553 Sub-

87 1570 187 1600 lectus
209 1577 314 1600 tamen
337 1577 368 1599 et
391 1571 416 1598 is
438 1572 603 1600 Arato:ut
618 1571 652 1599 in

88 1616 192 1647 Phaeu.
211 1617 272 1655 287
290 1615 342 1650 Μὴ
357 1614 446 1659 κείνῳ
462 1613 503 1646 ἐνὶ
518 1614 651 1658 μηνίπε-

88 1661 235 1705 ρικλὺζοιο
260 1661 412 1698 θαλάσσης
433 1670 505 1700 etc.‚
529 1662 567 1692 de
585 1673 650 1702 quo

86 1710 158 1739 loco
179 1710 242 1747 jam
257 1710 389 1750 Longin.
405 1720 429 1740 S.
447 1710 488 1739 26
505 1709 648 1745 monuit;

86 1757 162 1786 item
173 1757 250 1792 413,
275 1757 348 1792 154,
367 1757 443 1786 323.
460 1757 561 1786 Etiam
575 1755 650 1785 alii:

87 1802 219 1833 Nicand.
245 1803 338 1833 Ther.
371 1808 451 1840 1243
481 1802 600 1832 Gallim.
618 1803 652 1831 in

88 1850 181 1878 Dian.
209 1849 290 1886 1753
317 1849 458 1880 Maneth.
496 1850 545 1885 V,
575 1859 650 1878 202.

88 1894 176 1934 Quid
199 1897 205 1925 1
224 1894 313 1934 quod
343 1895 452 1924 similis
486 1895 586 1924 forma
619 1896 653 1924 in

89 1942 230 1970 Homero
243 1942 384 1970 occurrit
401 1940 515 1981 Odyss.
527 1952 561 1982 μ,
578 1941 653 1977 106,

91 1985 130 2015 de
149 1986 330 2027 Charybdi:
345 1985 387 2028 μὴ
411 1985 485 2030 σύγε
505 1986 579 2017 κεῖθι
605 1985 655 2016 τύ-

92 2042 176 2072 'LV-33
197 2031 247 2062 ὅτε
274 2029 471 2074 §offici-Aeetam
492 2034 572 2062 Mox
590 2034 652 2070 457

93 2086 240 2115 moneat,
257 2078 400 2109 hortator
410 2101 418 2116 ‚
435 2085 544 2108 auctor
559 2080 608 2110 sit.

141 2125 334 2161 458—460.
355 2126 386 2156 Si
404 2136 494 2155 mane
511 2132 542 2154 et
556 2135 661 2166 vespe-

93 2171 121 2201 ri
152 2171 200 2201 sol
235 2181 337 2212 purus
363 2172 422 2202 erit
450 2182 485 2202 ac
512 2181 655 2208 serenus,

711 701 831 724 certum
854 696 886 724 id
898 696 1072 725 serenitatis
1086 697 1201 736 pignus
1220 707 1276 736 pu-

710 748 759 777 ta3
778 741 872 771 flaute
899 742 1061 781 aquilone,
1079 744 1135 781 qui
1155 750 1277 772 serenat

711 787 836 817 coelum.
859 787 893 816 Si
916 795 944 816 e!
968 788 1084 816 occidit
1105 789 1153 816 sol
1171 788 1274 827 pridie

711 843 837 861 serenus
862 841 894 862 et
919 832 1033 869 oritur,
1057 841 1146 862 tanto
1164 834 1278 864 certior

700 878 787 921 fides
807 879 993 909 serenitatis.
1014 880 1093 910 Plin.
1115 880 1135 910 l.
1152 890 1178 909 o.
1196 881 1274 909 Ara-

712 931 760 954 tus
770 926 907 956 Diosem.
922 926 1068 965 93-—95,
1084 937 1095 955 1
1105 927 1212 956 26—1
1221 937 1274 967 29,

717 972 755 1000 15
761 972 790 1007 S,
805 972 876 1011 159.

759 1018 820 1052 461
833 1019 966 1053 —463.
1002 1018 1092 1048 Unde
1123 1030 1274 1049 serenans

710 1064 813 1093 Eurus
822 1073 902 1105 agac
908 1065 1095 1103 conjiciebat
1107 1065 1254 1095 Reiskius
1266 1078 1273 1101 ;

711 1116 741 1137 et
762 1110 840 1149 quid
852 1111 967 1151 cogitet
990 1111 1165 1151 accipiebat
1186 1114 1275 1151 quasi

710 1156 856 1196 coagitet,
873 1158 1061 1197 compellam
1082 1158 1129 1186 uti
1142 1165 1222 1198 agac
1236 1159 1275 1187 sit

709 1203 797 1240 quasi
833 1201 953 1242 abigat.
982 1205 1110 1233 Martin.
1140 1214 1215 1233 vero
1240 1202 1274 1233 τὸ

708 1247 823 1286 cogitet
841 1259 907 1277 uon
938 1249 1104 1278 ferendum
1126 1260 1190 1278 esse
1214 1259 1273 1289 pu-

706 1293 792 1322 tabat
819 1302 825 1323 z
858 1295 964 1332 itaque
1005 1295 1139 1324 malebat
1180 1303 1276 1335 cogat

707 1346 738 1367 et
751 1361 758 1374 ,
790 1346 843 1368 aut
871 1339 1016 1369 concitet.
1043 1357 1089 1361 —-
1117 1340 1203 1379 Quid
1226 1351 1274 1370 co-

703 1392 763 1425 gat
778 1392 810 1414 ec
824 1385 919 1415 Aldd.
940 1396 988 1426 pr.
1005 1391 1036 1414 et
1054 1396 1115 1416 sec,
1126 1403 1173 1408 —-
1191 1388 1271 1416 'Ver-

707 1431 748 1459 bo
759 1453 767 1467 ,
796 1442 836 1460 ex
861 1432 925 1461 sole
958 1433 1108 1471 praesagia
1140 1433 1272 1463 omnino

705 1478 841 1516 petimus
870 1478 1039 1507 certissima
1055 1500 1063 1514 ‚
1091 1487 1162 1518 quae
1190 1479 1272 1508 circa

705 1533 865 1563 vesperam
883 1524 954 1553 coeli
971 1524 1080 1560 facies,
1100 1534 1208 1553 serena
1230 1535 1271 1554 an

704 1570 833 1605 nubila,
858 1570 965 1599 futura
983 1571 1046 1606 sit3
1072 1580 1090 1599 a
1112 1580 1175 1609 qua
1199 1571 1271 1600 coeli

703 1623 791 1655 parte
806 1623 920 1645 ventus
935 1616 1103 1656 dispellens
1116 1616 1216 1646 nubes
1230 1627 1270 1645 an

704 1661 864 1691 adducens
886 1662 1009 1702 pluvias
1032 1669 1186 1691 venturus
1218 1664 1267 1692 sit.

704 1726 750 1731 -—
780 1708 865 1748 Quid
886 1707 1004 1749 cogitet
1029 1709 1159 1745 Auster,
1189 1718 1268 1748 prae-

706 1755 798 1791 clare,
807 1761 902 1784 vento
912 1756 946 1783 iu
954 1765 1121 1794 personam
1130 1761 1268 1784 mutato:

706 1808 743 1830 ut
761 1811 809 1840 ap.
838 1802 947 1830 Horat.
975 1801 1183 1841 quodcunque
1211 1799 1269 1829 mi-

708 1846 835 1876 nabitur
856 1848 979 1882 Eurus;
1004 1853 1055 1876 et:
1071 1857 1145 1875 cum
1168 1846 1268 1875 amnis

707 1893 795 1922 soevz't
808 1892 1062 1932 horrendamque
1079 1891 1169 1922 culcis
1187 1891 1268 1921 diln-

708 1938 785 1968 viem
807 1938 978 1968 meditatur
992 1937 1086 1979 agris.
1109 1938 1272 1978 Expressit

708 1991 814 2014 tamen
829 1991 860 2014 et
878 1995 927 2014 ars
950 1991 1061 2014 ventos
1077 1993 1084 2015 ζ
1099 1985 1196 2024 inque
1221 1983 1270 2013 his

709 2031 864 2060 Austrum
875 2053 883 2067 ‚
904 2031 982 2059 facie
997 2030 1176 2060 truculenta
1187 2052 1195 2066 ,
1211 2031 1270 2058 mi-

712 2078 793 2114 naci,
804 2077 1015 2118 superciliosa.
1032 2075 1082 2117 (v.
1101 2087 1151 2116 ap.
1171 2078 1272 2106 stuar-

713 2130 781 2154 tum
789 2123 983 2164 Antiquities
994 2122 1037 2164 os
1040 2121 1163 2153 Athens
1176 2132 1204 2152 c.
1223 2123 1273 2151 III

712 2171 746 2199 in
783 2171 863 2201 turri
903 2176 1059 2213 octogona
1096 2168 1275 2199 Andronici

1057 2231 1121 2269 18*
