1377 2428
531 67 653 97 LIBER
676 66 734 96 IV.

94 129 196 163 Inter
211 138 303 175 quas
320 137 448 162 curam
467 124 643 172 Clymene
658 121 835 159 narrabat
850 121 998 158 inanem

1166 70 1230 105 409

1185 131 1232 159 315

44 187 220 231 Volcani,
238 186 446 234 Martisque
464 183 569 220 dolos
591 192 627 220 et
646 183 770 219 dulcia
789 182 903 228 furta3

42 249 151 295 Aque
167 246 270 282 Chao
287 246 419 282 densos
439 243 568 280 divum
587 241 810 279 numerabat
826 253 981 278 amores.

45 307 217 343 Carmine
237 318 313 355 quo
331 313 447 355 captae
469 304 558 340 dum
577 304 666 341 fusis
681 303 808 339 mollia
826 314 940 351 pensa

43 368 276 411 Devolvunt,
292 367 428 402 iterum
442 374 628 401 maternas
644 364 780 413 inpulit
799 363 899 399 auris

44 429 184 463 Luctus
202 426 368 470 Aristaei,
386 425 589 474 vitreisque
605 423 783 461 sedilibus
802 437 930 460 omnes

1183 431 1231 456 350

44 486 305 535 Obstupuere3
329 485 394 522 sed
410 494 494 521 ante
510 485 599 521 alias
618 484 806 520 Arethusa
822 496 971 520 sorores

44 546 297 595 Prospiciens‚
318 559 460 583 summa
479 545 617 581 flavum
636 554 748 594 caput
764 544 897 580 extulit
914 544 1026 581 unda.

44 608 89 641 Et
106 606 237 654 procul
257 619 264 640 :
283 623 298 638 «
316 607 349 642 O
366 605 508 654 gemitu
522 617 599 641 non
615 604 753 640 frustra
771 603 950 640 cxterrita
966 612 1087 650 tanto,

43 666 188 712 Cyrene
204 666 329 701 soror!
346 664 425 714 ipse
446 663 532 710 tibi,
551 671 615 700 tua
631 663 793 699 maxima
809 676 916 709 cura,

44 724 176 760 Tristis
192 723 519 769 AristaeUSLPenei
536 722 714 773 genitoris
732 722 779 759 ad
798 722 936 759 undam

41 848 192 879 deductas
212 849 348 880 Oreadas
369 857 399 879 et
416 851 546 889 Napaeas
560 859 611 878 ve-

43 896 166 925 nationi
190 897 377 933 immisceri,
401 895 540 934 adeoque
564 906 610 924 sa-

44 943 129 981 gittis
144 948 173 970 et
190 942 326 971 arcubus
339 942 464 971 instrui.
479 943 525 970 Ita
539 942 611 970 Dia-

42 998 83 1016 na
96 988 259 1028 Nymphas
274 989 447 1017 venatrices
462 998 502 1016 ex
517 990 612 1018 Ocea-

43 1034 127 1062 ninis
145 1034 221 1074 legit
245 1045 292 1074 ap.
312 1034 433 1063 Callim.
457 1034 491 1062 in
516 1035 609 1062 Dian.

44 1084 98 1114 42.
115 1079 280 1119 Spauhem.
291 1079 329 1108 ad
346 1091 376 1108 v.
399 1080 449 1108 13.
466 1078 526 1108 Ins.
545 1079 608 1108 383

42 1136 114 1154 cum
145 1132 233 1165 patre
263 1128 390 1155 Oceano
422 1126 612 1154 invocantur

42 1171 199 1212 Nymphae
231 1172 380 1201 silvarum
414 1177 445 1200 et
472 1170 610 1200 fontium

42 1219 230 1256 promiscue.
248 1217 425 1247 Offendunt
444 1222 547 1245 tamen
560 1217 611 1245 vel

42 1264 87 1292 sic
113 1265 223 1301 juncta
245 1264 327 1292 inter
343 1274 374 1292 se
399 1269 429 1291 et
453 1261 491 1290 ad
509 1272 608 1291 unum

42 1319 141 1349 genus
155 1309 249 1339 relata
261 1331 269 1346 ,
285 1319 320 1338 ea
333 1319 403 1348 quae
417 1315 479 1337 tam
494 1307 609 1338 diversi

41 1357 162 1395 generis
177 1362 261 1386 sunt.

91 1402 167 1436 345.
186 1402 300 1431 Curam
317 1401 446 1431 inanem
460 1400 606 1437 Volcani,

40 1447 183 1476 studium
216 1449 309 1477 inane
339 1449 373 1477 in
409 1446 607 1477 observando

41 1493 187 1523 adultero
202 1501 233 1523 et
245 1493 396 1523 sumenda
410 1494 448 1522 ab
463 1504 501 1522 eo
515 1493 607 1522 ultio-

40 1549 80 1568 ne
99 1549 106 1570 :
123 1546 160 1568 ut
182 1547 267 1570 recte
290 1541 460 1578 Mejerotto
481 1550 512 1579 p.
545 1549 607 1578 29;

40 1595 112 1614 clun
129 1593 194 1615 rete
210 1586 426 1621 fabricaretur,
445 1595 509 1625 quo
525 1586 607 1614 Mar-

39 1638 102 1660 tem
117 1642 189 1662 cum
199 1634 321 1662 Venere
335 1633 536 1672 opprimeret.
550 1632 608 1660 Re-

39 1679 143 1717 spexit
158 1679 265 1708 locum
280 1679 393 1719 Odyss.
408 1678 422 1707 θ
432 1701 440 1715 ‚
460 1678 524 1707 266
539 1687 606 1716 sqq.

40 1724 105 1762 Qui
119 1723 259 1754 fabulam
270 1731 342 1766 post
350 1726 525 1754 Homerum
538 1733 607 1752 nar-

38 1771 178 1800 raverint
187 1793 195 1808 ‚
213 1771 301 1801 dabit
308 1770 512 1810 ,Wernsdorfi
527 1777 604 1799 tom.

41 1815 98 1851 IV,
121 1826 154 1856 p.
182 1817 222 1847 53
246 1820 332 1848 Poet.
358 1818 434 1847 min.
458 1833 504 1839 ——-
527 1815 602 1850 346.

40 1861 154 1890 Illartis
168 1862 257 1892 dolos
274 1862 372 1894 Cerda
388 1863 477 1892 dolos
491 1862 606 1892 Vulca-

41 1907 74 1934 ni
89 1907 123 1936 in
138 1911 270 1938 Martem
290 1915 425 1938 structos
449 1908 605 1947 accipien-

40 1952 97 1982 dos
113 1964 176 1983 esse
193 1955 376 1990 contendit,
390 1965 431 1983 ex
445 1953 558 1994 Odyss.
573 1953 604 1990 θ,

43 1999 120 2036 276.
149 1999 209 2030 Sed
235 2006 344 2029 vetant
360 2000 477 2038 adjecta
499 1998 607 2028 dulcia

38 2043 135 2081 fils-ta.
163 2046 242 2076 Doli
260 2045 374 2075 ,Marcis
399 2046 485 2075 haud
510 2045 605 2074 dubie

40 2090 148 2120 eadem
161 2092 311 2122 dicuntur
320 2114 329 2128 ‚
349 2103 421 2121 cum
437 2092 516 2121 clam
530 2091 608 2120 Vul-

40 2146 119 2167 cano
143 2136 273 2175 fierent‚
296 2145 332 2167 nt
345 2138 424 2169 ibid.
441 2149 501 2167 vss.
521 2138 583 2168 268
596 2159 605 2173 ‚

42 2183 118 2225 269.
144 2202 190 2207 -—
208 2185 284 2222 347.
305 2185 411 2225 Atque
424 2185 537 2214 vitium
555 2183 603 2214 ed.

167 2250 198 2285 1.

1183 733 1231 758 355

664 849 769 879 Elzev.
792 856 862 878 ante
885 848 994 878 Heins.
1006 870 1015 885 ‚
1042 859 1135 888 quem
1161 849 1233 880 vide

664 902 695 924 et
722 896 868 925 Pieritun.
896 895 983 924 conf.
1010 893 1048 923 ad
1072 895 1137 924 Ecl.
1166 897 1212 925 VI
1224 919 1231 932 ‚

665 941 723 977 633
750 943 813 970 VII
825 963 833 977 ‚
863 942 899 970 13
914 963 921 977 ,
947 940 1005 969 ubi
1031 943 1117 971 Serv,
1141 942 1233 981 Eque

668 986 753 1016 Clmo
763 987 869 1016 laudat
879 998 887 1023 ς
906 994 936 1016 et
946 987 1164 1017 enumerabat.
1177 988 1234 1016 Di-

664 1043 733 1061 vum
756 1033 869 1062 densos
884 1033 948 1062 Erf.
965 1033 1132 1062 Narrabat
1148 1044 1232 1063 unus

664 1079 818 1109 Mead.—
828 1081 1006 1108 Densos—
1015 1090 1140 1108 amores
1148 1101 1156 1115 ‚
1170 1090 1233 1109 cre-

663 1124 739 1153 bros
750 1147 757 1160 ,
786 1135 899 1165 magno
928 1135 1063 1154 numero
1084 1131 1115 1154 et
1138 1125 1232 1166 longa

664 1172 852 1200 narrationis
866 1171 943 1199 serie
958 1171 1178 1210 pertexendos.
1191 1172 1230 1202 cf,

664 1218 803 1245 Ouwens
818 1227 849 1256 p.
865 1217 905 1256 59
914 1227 940 1246 1.
952 1233 998 1238 —-
1010 1217 1086 1247 350.
1109 1217 1232 1247 Vitrez's-

663 1273 724 1301 que
739 1262 770 1291 in
784 1262 906 1291 sedibus
923 1263 998 1292 alter
1012 1263 1163 1294 Rottend.
1177 1264 1230 1292 Vi-

662 1307 736 1336 lreis
754 1319 878 1348 quoque
895 1319 920 1339 s.
935 1311 1011 1350 Reg.
1029 1310 1158 1339 Mai-tin.
1178 1310 1231 1338 Vi-

661 1354 734 1383 treis
756 1355 838 1383 binis
857 1354 996 1395 s5llabis.
1016 1357 1139 1384 Amnes
1159 1357 1229 1385 Me-

661 1399 721 1430 dic.
732 1418 778 1423 —
794 1402 925 1437 Luctus,
942 1401 1096 1441 querelae3
1112 1412 1142 1432 v.
1164 1402 1228 1431 353

658 1446 805 1487 gemitus.
818 1446 926 1476 Vitrea
935 1447 1049 1476 sedilia
1059 1456 1146 1476 nunc
1158 1458 1229 1488 pro-

660 1494 728 1532 prie
745 1504 760 1522 e
777 1493 876 1530 vitro,
901 1495 926 1522 si
948 1494 992 1522 ita
1011 1493 1124 1533 placet.
1147 1495 1229 1524 Mox

660 1549 780 1568 sorores
806 1550 817 1567 .·
841 1550 909 1570 non.
936 1539 1011 1568 licet
1030 1539 1123 1568 nimis
1146 1551 1229 1570 seve-

660 1595 732 1614 rum
748 1595 829 1622 esse3
847 1592 939 1625 poeta
952 1585 1068 1614 dixisse
1083 1585 1209 1615 videtur
1219 1609 1228 1623 ‚

660 1639 815 1670 quatenns
828 1642 936 1660 omnes
952 1633 980 1662 N
984 1631 1110 1672 ymphae
1124 1634 1229 1662 Nerei-

661 1676 714 1706 des
728 1677 779 1706 vel
795 1677 968 1707 Oceanides
982 1678 1075 1706 fuisse
1093 1678 1229 1718 intelligi

659 1730 803 1763 possunt.
814 1741 860 1746 —-
871 1724 947 1753 352.
961 1723 1091 1752 Flavum
1105 1723 1228 1754 dudum

657 1769 779 1798 editum
799 1779 815 1798 a
836 1770 994 1810 Naugerio
1009 1776 1040 1799 et
1063 1769 1103 1799 ab
1124 1772 1227 1811 Egna-

658 1816 703 1845 tio
734 1823 765 1845 et
790 1815 866 1844 hinc
896 1817 931 1844 in
958 1815 1063 1856 vulgg.
1089 1814 1229 1846 firmavit

657 1862 767 1891 Heius.
778 1872 794 1890 e
803 1862 992 1901 scriptorum
1003 1862 1146 1891 omnium
1154 1873 1226 1892 etun

658 1909 792 1938 Roman.
803 1914 833 1936 et
843 1907 961 1936 Medic.
972 1917 1139 1938 consensu.
1149 1908 1225 1939 Ald.

657 1964 706 1994 pr.
718 1960 749 1982 et
763 1963 824 1982 sec,
841 1960 871 1982 et
886 1953 962 1982 hinc
979 1954 1047 1982 aljae
1061 1955 1226 1984 nonnullae

652 1998 819 2040 placidum
831 2021 839 2036 ‚
861 2000 1031 2039 repetitum
1045 2011 1085 2029 ex
1100 2003 1171 2031 AEn.
1189 2003 1205 2031 I
1216 2024 1225 2039 ‚

663 2056 738 2083 127.
777 2046 970 2086 Summaque
1004 2057 1093 2075 suum
1132 2054 1229 2087 caput

659 2090 796 2122 Leid.—-
808 2091 848 2121 35
853 2092 871 2121 5
876 2092 990 2122 .Penez'
997 2092 1163 2132 genitoris,
1174 2094 1228 2123 Vi-

659 2139 768 2168 tiosam
780 2137 949 2168 lectionem
961 2145 1097 2167 metrum
1109 2139 1228 2179 prodit,

659 2184 747 2226 quod
758 2185 972 2226 sagacissimus
987 2186 1080 2214 metri
1089 2192 1228 2224 exactor,

989 2247 1035 2283 35
