1408 2428
571 69 692 98 LIBER
718 69 757 97 11.

1197 63 1257 91 231

67 127 239 165 finditur
258 128 296 163 in
315 127 475 163 solidum
492 126 620 161 cuneis
639 126 718 170 x·ia;
739 123 873 160 deinde
890 123 1030 159 feraces

66 188 205 223 Plantae
222 187 478 233 inmittuntur3
498 198 567 222 nec
583 185 737 234 longum
755 194 920 233 teinpus,
942 191 979 219 et
995 182 1124 232 ingens
1226 191 1256 211 δι»

66 247 167 283 Exiit
185 245 231 283 ad
251 247 385 283 coelum
401 246 513 282 ramis
532 244 702 282 felicibus
722 244 868 289 arbos,-

67 306 303 355 Miraturque
320 318 436 342 novas
456 305 599 341 frondis
612 333 621 350 ‚
640 314 676 340 et
693 316 768 340 non
787 316 853 339 sua
871 315 993 352 poma.

118 369 301 403 Praeterea
316 380 431 416 genus
451 365 553 401 haud
567 378 683 401 unum
694 393 703 410 ‚
718 377 787 400 nec
803 362 962 399 fortibus
983 362 1110 406 ulmis,

65 429 143 462 Nec
163 426 281 472 salici,
298 426 470 475 lotoque,
488 438 610 474 neque
628 424 737 461 Idaeis
756 423 964 472 cyparissis.

64 487 98 523 N
102 499 143 521 ec
160 487 317 535 pingues
335 500 448 522 unam
467 487 513 522 in·
522 486 653 522 facicm
670 492 874 521 nascuntur
891 481 1017 524 olivae,

65 545 276 592 Orchadcs,
293 555 329 582 et
344 545 456 591 radii,
475 555 511 582 et
530 557 653 582 amara
673 543 803 593 pausia
817 541 954 578 bacca:

64 610 271 655 Pomaque,
291 616 326 643 et
346 607 493 643 Alcinoi
512 606 630 652 silvae3
649 617 716 641 nec
735 602 906 640 surculus
922 600 1021 636 idem

57 758 187 798 proprie
205 758 301 787 dicta.
320 757 416 787 Rami
427 757 544 798 felices
556 765 630 786 sunt

64 804 184 833 arboris
206 805 334 841 feracis,
356 804 446 841 cujus
465 803 579 842 plantae
596 803 627 832 h.

63 850 185 879 surculi
206 849 341 879 silvestri
364 849 470 878 arbori
489 850 629 877 inserun-

63 903 124 926 ῙΠΓ.
143 898 211 925 „flat
224 906 345 924 rursuln
361 906 427 923 DOU
441 895 629 923 contrariam

63 942 198 982 aliquam
210 943 363 971 rationem
378 941 484 975 infert,
502 947 538 969 ut
552 941 628 969 Rin-

63 989 132 1028 gius
159 987 291 1028 putabat
310 997 316 1017 :
337 986 390 1016 sed
424 986 518 1015 altera
549 987 627 1016 ratio

62 1044 148 1063 nunc
181 1034 395 1073 subjungitur.
422 1035 626 1069 Resecantur,

62 1078 99 1109 fit
117 1080 229 1109 incisio
256 1090 312 1109 seu
337 1078 448 1108 fissura
466 1079 501 1108 in
523 1080 628 1108 trunci

61 1127 194 1170 cortice,
214 1136 277 1165 qua
294 1132 382 1166 parte
398 1124 505 1154 nullus
524 1124 628 1154 nodus

60 1179 115 1202 est.
132 1190 178 1194 —-
189 1172 230 1201 80
243 1195 251 1209 ‚
273 1172 326 1209 81,
343 1172 396 1201 82.
414 1170 628 1201 Pulcherrima

58 1218 245 1258 descripu'03
260 1219 330 1258 quis
346 1228 411 1247 non
422 1217 546 1246 videat?
561 1217 629 1247 Cal-

59 1275 154 1304 pum.
170 1264 235 1294 Ecl.
248 1266 290 1301 II,
307 1270 360 1300 40,
377 1270 414 1300 41
433 1265 507 1293 Non
525 1263 628 1292 minus

60 1317 130 1339 arte
148 1321 220 1340 mea
236 1309 395 1339 mutabilis
411 1309 516 1339 induit
536 1309 628 1339 arbos

59 1355 335 1397 Ignotasfiondes
352 1363 383 1385 ec
407 1366 469 1384 non
491 1355 628 1395 gentilia

54 1412 166 1441 poma.
196 1401 255 1432 Sed
283 1401 336 1430 alii
357 1401 563 1430 luxuriantur
594 1403 628 1431 in

59 1447 132 1477 hoc.
145 1447 209 1477 vid.
221 1448 290 1477 loca
304 1458 351 1487 ap.
365 1446 561 1477 Cerdam.—
572 1447 625 1477 82.

60 1493 248 1533 Illiratisque
287 1493 337 1522 vel
372 1492 507 1522 emiraca
544 1494 626 1532 conj.

60 1541 168 1570 Heius.
176 1539 238 1570 hoc
246 1540 376 1569 alterum
386 1549 514 1579 quoque
522 1539 628 1569 Schra-

61 1585 126 1616 der.

108 1633 283 1662 83—108.
309 1632 362 1662 Ad
393 1632 567 1669 culturam,
592 1634 627 1662 in

59 1689 121 1719 qua
137 1685 230 1718 poeta
239 1686 392 1715 versatur,
402 1685 521 1718 spectat
535 1678 627 1708 dilec-

58 1732 110 1755 tus
135 1734 207 1754 cum
238 1726 360 1765 generis
384 1725 626 1764 praestantioris,

60 1778 128 1800 tum
137 1771 208 1800 coeli
218 1781 252 1800 ac
262 1771 322 1800 soli
331 1770 438 1800 idonei
450 1781 456 1800 :
469 1771 506 1800 de
514 1771 575 1801 hoc
586 1772 627 1800 al-

60 1823 128 1846 tero
138 1827 206 1846 aVS.
215 1828 226 1846 1
234 1828 276 1857 09
284 1828 328 1856 sq.
338 1827 349 1845 1
360 1827 372 1845 1
382 1827 397 1854 7
408 1827 453 1856 sq.
462 1819 571 1857 Itaque
580 1828 628 1847 va-

59 1864 120 1891 rias
137 1862 284 1892 arborum
299 1863 430 1892 familias
440 1874 495 1892 seu
511 1864 629 1904 species

60 1908 199 1946 ejusdem
208 1910 329 1948 generis
339 1919 414 1946 esse,
422 1909 584 1949 exenipliS‚
593 1916 630 1939 ut

60 1962 163 1994 poeta,
182 1953 285 1985 docet.
296 1957 520 1985 Ornatissimus
540 1956 630 1985 locus

62 2000 284 2038 adjunctorum
300 2002 391 2040 copia
409 2012 445 2030 ac
464 2002 623 2032 varietate.

18 2059 28 2067 ·
61 2047 234 2076 Illustratio
257 2047 387 2075 uberior
405 2058 422 2076 e
439 2047 552 2084 Plinio,
565 2048 625 2077 Co-

59 2092 188 2122 lumella
199 2115 207 2130 ,
227 2099 257 2121 et
267 2091 404 2122 Palladio
420 2093 566 2133 petenda.
580 2110 626 2116 ——-

63 2138 117 2174 84.
141 2140 236 2167 Lotus
256 2138 353 2168 modo
377 2138 483 2168 herbae
500 2146 626 2179 praten-

61 2184 102 2213 sis
120 2194 218 2224 genus
232 2192 287 2222 est,
301 2184 481 2223 jucundum
496 2185 627 2225 pecudis

683 754 852 795 pabulum,
867 752 960 782 uobis
971 752 1000 780 le
1017 749 1155 786 memet,-
1167 752 1251 780 conf.

683 802 740 830 inf.
757 801 816 837 ΙΙΙ,
830 801 912 838 394;
927 797 1022 827 modo
1041 797 1139 826 herba
1152 796 1253 836 palus-

683 848 738 876 tris
775 857 816 875 ex
850 843 1091 885 nympliaearum
1119 852 1232 883 genere
1244 866 1251 878 ‚

683 893 756 922 Nilo
775 892 939 931 frequen53
958 889 1020 919 hoc
1035 899 1111 919 vero
1125 889 1197 918 loco
1208 896 1254 917 est

685 949 783 978 genus
799 937 928 973 arboris,
944 936 1051 966 Italiae
1059 934 1250 976 familiaris,

683 985 866 1013 dulcissimo
917 983 1035 1012 fructu.
1081 980 1251 1021 Ziziphum

682 1037 822 1060 nostram
840 1040 894 1059 seu
910 1028 1055 1066 jujubam
1083 1037 1147 1057 esse
1162 1034 1252 1067 putat

683 1087 755 1106 cum
784 1076 849 1106 aliis
868 1076 1026 1105 Martinus
1055 1073 1094 1102 ad
1119 1073 1151 1103 h.
1172 1074 1193 1103 l.
1214 1075 1251 1102 ln

682 1124 764 1159 Ida,
786 1124 885 1153 Cretae
902 1126 1008 1150 monte
1020 1142 1027 1156 ,
1053 1119 1208 1159 (Ly-parissi
1225 1131 1249 1149 s.

683 1170 823 1209 cupressi
850 1175 962 1208 sponte
983 1167 1187 1206 proveniunt.
1210 1166 1249 1195 cf.

682 1217 789 1245 Ursin.
804 1214 842 1244 ad
858 1214 890 1244 h.
913 1214 934 1243 l.
953 1230 1000 1235 -—
1015 1213 1068 1242 86.
1091 1211 1259 1241 ΟνεΙπιιΙωἶ

683 1261 770 1301 quod
785 1261 906 1290 dudum
922 1261 956 1288 in
969 1259 1154 1288 melioribus
1169 1265 1250 1294 erat3

682 1308 789 1338 Heius.
802 1318 818 1337 e
835 1308 898 1336 suis
911 1313 942 1335 et
958 1306 1107 1335 Pierianis
1125 1314 1252 1334 revoca-

681 1355 737 1384 vit.
757 1353 931 1385 Obsidebat
952 1357 1056 1381 tamen
1075 1361 1116 1379 ex
1131 1350 1179 1379 ed.
1192 1351 1251 1390 Eg·-

682 1406 745 1429 nat.
764 1406 796 1429 et
813 1401 937 1429 Manut.
954 1397 1174 1427 emendatione
1195 1397 1249 1424 Or-

681 1445 778 1475 clziees
788 1468 796 1481 ,
814 1445 913 1476 Servii
929 1444 1114 1473 auctoritate
1123 1466 1132 1480 ,
1143 1450 1173 1472 et
1192 1453 1252 1471 usu

680 1493 835 1532 perpetuo
859 1492 1049 1530 scriptorum
1072 1489 1112 1518 de
1135 1500 1168 1518 re
1189 1499 1253 1517 rus-

682 1538 744 1567 tica
763 1537 1014 1577 comprobatum.
1046 1552 1091 1558 —-
1114 1537 1160 1565 Ex
1184 1533 1254 1564 infl-

680 1585 754 1614 m'n's
786 1584 926 1614 olearum
961 1581 1128 1622 generibus
1158 1582 1169 1622 (
1189 1581 1252 1611 vid.

681 1641 760 1670 quos
793 1630 925 1660 laudaut
952 1628 1053 1658 cerda
1079 1634 1110 1657 et
1138 1628 1251 1657 Marti-

680 1676 770 1717 nus)
795 1677 855 1706 tria
887 1682 1011 1705 tantum
1028 1697 1037 1711 ‚
1067 1674 1252 1704 observante

681 1724 774 1752 etiam
794 1722 896 1753 Plinio
925 1723 1004 1758 XV,
1024 1731 1041 1750 2
1055 1743 1063 1757 ‚
1089 1726 1252 1749 enumerat

681 1776 792 1809 poeta,
815 1767 981 1801 orchadas,
1002 1767 1134 1806 oblongi
1160 1776 1252 1805 gene-

682 1816 734 1852 ris,
752 1814 869 1850 radios,
882 1814 1046 1853 longioris,
1061 1819 1092 1842 et
1103 1811 1248 1852 pausias,

682 1872 764 1901 quae,
784 1861 861 1890 dum
877 1860 980 1889 adhuc
994 1858 1111 1888 virides
1126 1864 1156 1886 et
1169 1867 1251 1886 acer-

682 1908 732 1937 bae
762 1914 836 1937 sunt
863 1907 874 1947 (
892 1906 1011 1935 habent
1040 1910 1145 1945 autem!
1183 1910 1251 1932 tum

684 1964 824 1983 amarum
854 1962 1005 1987 succum,
1034 1949 1110 1979 hino
1135 1959 1250 1978 amara

679 1998 817 2038 bacca),
836 1999 987 2038 leguntur
1004 2005 1039 2025 ac
1069 1994 1252 2024 tunduntur

681 2046 805 2076 Colum.
831 2045 906 2079 XII,
920 2039 973 2080 47⁸,
995 2052 1022 2072 1.
1033 2059 1080 2066 —-
1091 2041 1144 2079 87.
1162 2041 1248 2070 Alci-

681 2092 737 2121 noi
759 2090 844 2120 sz'lvoe
876 2095 953 2119 sunt
979 2089 1045 2129 ipsa
1066 2097 1186 2127 poma,
1213 2094 1249 2116 ut

680 2148 761 2177 saepe
775 2135 858 2176 apud
875 2142 993 2176 poetas.
1009 2135 1056 2163 De
1072 2135 1138 2172 ejus
1147 2133 1249 2162 hortis

682 2183 795 2224 Odyss.
822 2192 857 2219 η,
888 2192 949 2211 112
970 2191 1037 2221 sqq.
1065 2197 1111 2203 -
1148 2182 1249 2209 Poma
