1408 2428
113 83 732 171 PVIRGILII
771 86 1315 174 MARONIS

577 269 850 349 VITA,

272 455 622 511 AUCTORE
666 457 723 509 C.
767 456 883 510 LE
887 455 1002 508 BE
1006 457 1063 509 A
1072 456 1140 509 U.

173 757 301 792 Nix-rus
328 765 382 792 est
409 759 446 793 P.
474 757 653 806 Virgilius
681 759 811 802 Maro,
841 768 940 792 anno
969 757 1015 791 U.
1049 757 1088 791 C.
1122 755 1217 800 684,
1249 757 1313 791 Cn.

111 816 292 864 Pompeio
315 818 473 864 Magum
500 825 537 852 ct
563 818 615 852 M.
635 816 782 852 Licinio
802 818 936 852 Crasso
964 828 1057 851 coss.
1077 813 1209 851 Idibus
1236 816 1313 851 Oc—

112 876 189 912 tob.
222 877 260 912 in
292 888 408 925 pagO,
439 876 505 925 qui
532 879 664 913 Amnes
691 876 901 913 vocabatur
926 876 1047 926 (nuuc
1074 874 1265 924 Pietola),
1294 887 1315 911 a

109 938 267 972 Mantua
291 949 367 972 non
391 937 544 986 procul,
569 945 715 986 septem
740 937 818 973 sere
848 937 953 972 annis
979 944 1064 972 ante
1091 934 1312 979 Octavium,

110 997 176 1046 qui
206 1005 337 1046 postea
365 999 490 1034 Caesar
520 1000 713 1047 Augustus
750 997 872 1034 dictus
901 1005 967 1033 est.
1001 999 1149 1032 Patrem
1179 994 1314 1030 habuit

111 1057 263 1094 fortuna
295 1058 417 1104 tenui,
440 1071 552 1108 quem
583 1058 646 1094 alii
675 1058 850 1108 figulum,
880 1057 942 1094 alii
969 1056 1091 1106 primo
1119 1067 1313 1091 mercena-

111 1117 211 1155 rium
236 1119 329 1156 Maii
359 1120 556 1170 eujusdam
582 1120 758 1164 viatoris,
780 1127 911 1169 postea
929 1117 1095 1168 ejusdem
1113 1128 1313 1167 generum,

113 1189 149 1216 et
169 1180 409 1230 agriculturae
433 1180 603 1218 deditum
624 1181 788 1217 tradunt.

164 1242 302 1277 Ortum
329 1241 480 1290 Virgilii
507 1241 698 1278 miraculis
722 1240 937 1277 nobilitavit
957 1252 1076 1288 prona
1102 1239 1140 1274 in
1159 1238 1314 1274 menda—

111 1301 211 1337 cium
241 1302 344 1352 vulgi
374 1302 574 1339 admiratio
602 1316 609 1337 ε
638 1310 816 1347 matrem,
844 1300 966 1351 pridie
995 1312 1108 1349 quam
1142 1306 1314 1348 pareret,

111 1362 314 1399 somniasse
329 1363 497 1413 genitum
515 1376 562 1399 cx
578 1376 616 1400 se
632 1362 803 1399 laureum
821 1374 967 1397 ramum
978 1389 987 1405 ,
1003 1373 1128 1409 quem,
1141 1368 1313 1396 contacta

112 1430 225 1466 terra,
240 1423 366 1458 statim
381 1422 593 1460 excrevisse
611 1422 649 1458 in
668 1430 855 1458 maturam
874 1420 1070 1465 arborem,
1088 1420 1211 1469 pomis
1231 1432 1315 1469 gra—

113 1490 238 1518 vatam
265 1492 301 1519 et
330 1482 518 1520 floribus:
547 1483 729 1519 infantem
758 1483 882 1532 ipsum
911 1481 950 1517 in
979 1481 1101 1517 lucem
1127 1479 1314 1529 prodiisse

113 1544 243 1594 vagitu
266 1543 370 1579 nullo
389 1559 396 1579 :
418 1557 535 1593 quum
556 1544 594 1579 in
615 1545 675 1580 via
699 1552 819 1580 mater
840 1550 950 1592 partu
971 1555 1009 1579 se
1029 1542 1206 1586 levasset,
1232 1541 1313 1577 vir-

113 1616 198 1654 gam
217 1604 438 1653 populeam,
458 1613 499 1639 ut
517 1605 632 1640 moris
649 1613 729 1641 erat
749 1605 786 1640 in
804 1603 863 1640 illa
885 1602 1038 1652 regione
1051 1630 1060 1646 ‚
1082 1600 1224 1638 ibidem
1241 1601 1314 1638 loci

113 1665 238 1702 statim
259 1664 474 1714 depactam,
496 1666 548 1702 ita
564 1665 674 1702 brevi
692 1664 874 1702 coaluisse
886 1693 895 1709 ‚
915 1672 955 1701 ut
977 1663 1096 1699 multo
1114 1670 1199 1698 ante
1216 1671 1313 1699 satas

112 1726 275 1777 populos
301 1726 535 1776 adaequaret3
561 1740 673 1776 quam
704 1734 835 1777 postea
858 1725 1008 1774 Virgilii
1034 1723 1209 1760 arborem
1233 1723 1315 1760 dic—

113 1796 207 1833 tam,
228 1800 374 1824 summa
394 1788 637 1838 gravidarum
655 1796 691 1825 et
709 1788 868 1824 fetarum
888 1785 1070 1835 religione
1087 1783 1313 1821 celebratam

114 1848 239 1885 fuisse.

167 1909 361 1946 Cremonae
388 1910 552 1959 primum
581 1908 715 1947 studiis
738 1908 929 1952 eruditus,
955 1918 1053 1942 anno
1083 1906 1161 1942 fere
1194 1906 1313 1943 aetatis

116 1969 262 2005 decimo
280 1978 386 2006 sexto
404 1970 663 2007 Mediolanum
679 1982 718 2006 se
739 1967 916 2012 contulit,
937 1965 1004 2002 ubi
1020 1965 1168 2002 virilem
1187 1974 1313 2016 togam

114 2029 317 2078 sumpsisse
337 2029 518 2076 traditur,
542 2042 587 2066 eo
607 2030 703 2065 forte
724 2028 806 2077 ipso
825 2027 902 2072 die,
925 2038 1002 2075 quo
1020 2026 1220 2063 Lucretius
1235 2027 1314 2062 vita

115 2089 292 2137 decessit3
312 2090 419 2139 quasi
434 2103 518 2126 eum
539 2093 659 2127 Musae
677 2090 771 2126 tanti
785 2087 926 2138 ingenii
943 2086 1121 2124 heredem
1135 2087 1213 2138 jam
1233 2096 1314 2124 tum

113 2159 354 2188 ostentarent.
387 2150 501 2188 Haud
532 2151 585 2187 ita
619 2149 738 2187 multo
770 2157 856 2199 post
886 2147 1070 2185 concessit
1101 2149 1311 2199 Neapolim.

114 2209 262 2258 Quibus
289 2210 328 2248 in
358 2210 508 2261 oppidis
541 2209 676 2248 ardens
704 2209 872 2260 ingenito
902 2221 1030 2245 amore
1058 2220 1237 2258 poeseos,
1270 2223 1313 2247 ac
