1408 2428
659 35 774 65 VITA.
1242 30 1322 68 xxiij

113 93 268 144 pressit,
288 100 330 129 ut
347 92 388 129 in
406 93 546 139 AEnea,
572 92 677 130 velut
705 93 745 128 in
764 92 918 142 speculo
930 120 940 138 ‚
967 100 1005 129 et
1024 94 1218 142 Augustus
1238 92 1319 142 ipse

112 168 170 201 se,
195 164 232 192 et
260 157 475 203 Augustum
503 153 666 190 Romani
695 165 772 189 non
804 166 1008 203 agnoscere
1041 165 1119 189 non
1151 162 1317 203 possent.

166 219 295 262 Quum
321 215 437 265 igitur
460 214 507 251 ad
530 215 571 251 id
590 217 785 264 Augustus
804 214 906 251 omni
925 224 961 251 et
982 214 1226 252 consiliorum
1247 227 1317 263 ap—

111 286 247 328 paratu
264 286 300 314 et
315 276 413 313 mole
424 275 611 313 bellorum
627 284 833 326 spectaret,
844 284 886 312 ut
900 288 1099 312 romanum
1114 274 1318 325 imperium

111 337 159 374 ad
174 350 313 374 novam
325 338 485 374 formam
496 337 652 387 fingeret
661 365 671 383 ‚
684 349 728 373 co
740 349 894 386 quoque
905 336 1094 386 quidquid
1109 336 1148 372 in
1158 334 1318 372 AEneide

109 407 287 435 narratur
311 398 502 448 pertinere
522 398 644 435 voluit
669 398 869 448 Virgilius,
896 406 937 434 ut
965 397 1173 447 Trojanum
1192 398 1316 446 impe—

108 460 208 496 rium
224 459 263 495 in
281 459 391 496 Italia
408 459 648 496 conderetur.
666 461 749 495 Hoc
764 471 882 496 unum
901 467 980 495 tota
997 458 1156 494 AEneide
1173 459 1297 508 agitur
1304 474 1316 504 ;

108 533 193 569 quae
212 519 366 569 quidem
390 520 579 570 propositi
602 519 820 570 simplicitas
846 528 883 555 et
908 531 1037 555 rerum
1058 517 1261 568 dignitate,
1279 527 1317 554 et

108 588 314 617 eventuum
334 581 646 627 admirabilitate,
667 590 705 618 et
727 580 907 618 narrandi
933 580 1262 617 verisimilitudine
1279 589 1316 616 et

105 641 344 691 jucunditate
361 642 659 679 commendatur.
982 634 994 643 Ι

160 704 244 739 Hoc
261 711 386 739 autem
403 703 497 739 tanti
513 703 660 740 consilii
678 715 814 752 poema
829 702 919 739 dum
935 701 1138 746 scriberet,
1157 715 1205 738 ne
1221 702 1314 751 quid

107 763 291 813 impetum
319 773 552 808 moraretur,
581 764 755 812 quaedam
782 763 1004 813 imperfecta
1038 763 1208 812 reliquit3
1241 764 1312 800 alia

107 824 304 861 levissimis
321 823 494 860 versibus
521 832 667 859 tautum
688 824 795 873 quasi
815 823 1036 868 delineavit,
1054 836 1149 872 quos
1173 836 1241 871 per
1252 823 1313 872 jo·-

107 897 193 922 cum
222 896 293 934 pro
323 884 449 934 tigillis
475 897 518 920 ac
542 883 764 922 tibicinil)us
791 884 955 934 supponi
986 897 1006 920 a
1033 897 1071 920 se
1095 883 1245 920 dicebat
1266 884 1312 920 ad

106 944 338 982 fulciendum
355 944 576 991 aedificium,
596 945 717 982 donec
736 946 921 982 columnae
947 944 1180 982 advenirent.
1198 945 1311 991 Quod

105 1006 259 1056 quidem
277 1020 372 1056 opus
393 1007 569 1044 tractavit
593 1021 662 1057 per
683 1007 885 1044 duodecim
911 1020 1046 1048 annos,
1063 1006 1216 1045 abditus
1233 1008 1311 1045 fere

106 1079 253 1103 amoeno
271 1067 409 1116 partim
426 1067 658 1116 Campaniae,
678 1069 816 1117 partim
837 1069 974 1106 Siciliae
991 1082 1149 1106 secessu.

160 1131 281 1165 Tanta
311 1128 382 1166 suit
416 1128 514 1165 sama
541 1129 605 1165 vix
636 1130 824 1167 inchoatae
853 1129 1050 1176 AEneidos,
1074 1138 1114 1167 ut
1134 1130 1211 1180 jam
1231 1139 1309 1167 tum

114 1190 215 1225 Sext.
233 1188 452 1238 Propertius
473 1189 739 1227 exclamaverit
759 1204 767 1225 ι

341 1289 449 1322 Cedite
465 1291 602 1321 Romani
620 1291 790 1332 scriptores
802 1314 810 1329 ,
827 1290 928 1320 cedite
943 1292 1031 1321 Graii
1049 1301 1056 1321 ε

387 1345 502 1375 Nescio
518 1344 595 1385 quid
611 1346 712 1383 majus
727 1346 868 1374 nascitur
884 1344 991 1374 Iliade.

160 1437 353 1484 Augustus
369 1447 463 1471 vero
488 1448 606 1484 quum
632 1435 729 1471 forte
755 1434 855 1472 bello
875 1435 1101 1473 Cantabrico
1122 1437 1309 1475 detinere—

108 1505 188 1541 tur,
211 1494 522 1545 supplicibusque
540 1504 577 1532 et
600 1495 811 1532 minacibus
829 1496 941 1532 etiam
959 1509 1028 1545 per
1043 1497 1172 1546 jocum
1194 1498 1310 1535 literis

107 1555 352 1605 efflagitaret,
373 1563 415 1590 ut
441 1554 514 1592 sibi
535 1555 581 1591 de
606 1555 764 1592 AEneide
782 1555 891 1606 (nam
920 1556 1038 1606 ipsius
1063 1556 1181 1594 verba
1199 1559 1309 1609 sunt)

105 1615 165 1652 vel
184 1615 307 1665 prima
325 1615 500 1652 carminis
517 1615 788 1666 hypographa,
806 1616 866 1653 vel
883 1616 1038 1666 aliquod
1058 1617 1169 1654 colon
1188 1619 1311 1656 mitte-

107 1685 183 1723 ret,
203 1676 356 1726 negavit
382 1690 421 1713 se
449 1676 639 1713 facturum
664 1687 797 1727 poeta,
825 1677 979 1714 minime
1004 1678 1063 1714 sui
1082 1687 1310 1727 ostentator,

106 1737 265 1787 epistola
281 1737 462 1786 quadam,
480 1738 587 1787 cujus
602 1737 701 1774 hanc
717 1737 942 1787 particulam
958 1737 1005 1774 ad
1020 1751 1089 1775 nos
1106 1739 1310 1777 transmisit

106 1798 326 1836 Macrobius
347 1813 356 1835 :
383 1816 398 1832 «
416 1801 474 1835 De
495 1801 613 1835 AEnea
637 1798 792 1849 quidem
814 1811 918 1844 meo,
946 1799 977 1836 si
1003 1800 1218 1837 mehercule
1231 1800 1310 1850 jam

107 1878 122 1893 «
143 1860 299 1910 dignum
319 1859 476 1897 auribus
499 1859 681 1897 haberem
701 1860 793 1907 tuis,
819 1858 983 1896 libenter
1007 1860 1207 1897 mitterem.
1235 1861 1310 1898 Sed

107 1938 121 1953 a
144 1929 248 1958 tanta
279 1919 456 1957 inchoata
483 1934 541 1957 res
568 1928 641 1965 est,
671 1929 713 1956 ut
739 1933 845 1969 paene
875 1919 970 1955 vitio
1003 1919 1138 1956 mentis
1162 1928 1309 1957 tantum

107 1998 121 2012 «
145 1992 240 2030 opus
256 1980 445 2030 ingressus
466 1981 561 2017 m1hi
582 1980 734 2026 videar3
760 1992 877 2029 quum
904 1979 1133 2031 praesertim,
1150 1987 1193 2016 ut
1218 1979 1308 2025 scis,

108 2060 121 2074 «
143 2041 216 2078 alia
235 2054 387 2091 quoque
405 2041 530 2077 studia
556 2041 603 2077 ad
619 2040 658 2077 id
675 2053 770 2090 opus
788 2041 984 2090 multoque
1001 2040 1152 2091 potiora
1168 2040 1310 2090 imper-

108 2121 122 2135 «
144 2103 227 2139 tiar.
244 2119 258 2133 n
275 2101 407 2138 Eidem
419 2111 543 2138 tamen
553 2104 743 2151 Augusto,
761 2101 953 2150 aliquanto
966 2101 1308 2151 post‚secundum,

107 2171 303 2213 quartum,
325 2172 361 2200 et
382 2170 528 2200 sextum
548 2161 666 2199 libros
691 2161 866 2199 recitasse
886 2160 1044 2208 dieitur3
1063 2161 1164 2199 hunc
1182 2169 1308 2198 autem
