1377 2428
537 70 658 99 LIBER
683 68 724 98 11.

1164 73 1227 102 291

40 133 178 177 Flexa,
198 142 234 168 et
251 131 384 167 infidos
405 129 546 178 agitans
566 125 754 163 discordia
772 125 922 170 fratre53

40 196 118 229 Aut
136 192 330 241 conjurato
351 187 576 225 descendens
595 190 720 223 Dacus
738 185 785 221 ab
802 184 950 229 Histr03

39 254 125 288 Non
142 264 200 286 res
216 252 413 294 Romanae,
433 248 676 297 perituraque
696 257 828 294 regna3
847 255 970 292 neque
987 241 1048 278 ille

39 315 117 348 Aut
134 310 252 346 doluit
269 309 447 346 miserans
466 308 636 356 inopem,
658 314 721 342 aut
739 303 873 342 invidit
890 301 1056 339 habenti.

40 374 145 416 Quos
161 369 255 406 rami
274 370 436 414 fructus,
456 381 551 418 quos
571 368 653 416 ipsa
670 366 836 402 volentia
854 377 944 400 rura

23 529 100 562 ,leio
114 528 199 558 Coss.
215 528 256 557 U.
274 527 308 557 C.
328 527 404 564 725.
422 527 485 556 Dio
499 527 556 563 LI,
576 535 604 556 c.

40 576 82 604 23
97 585 164 614 sqq.
175 573 213 602 de
228 574 266 601 iis
281 573 489 612 triumphavit
502 584 517 601 a
530 583 604 609 727.

39 623 122 650 Ister
145 619 342 659 conjuratus,
370 619 403 648 h.
430 619 543 658 populi
570 617 608 647 ad

40 668 156 696 Istrum
167 689 175 702 ‚
194 666 250 705 qui
269 675 351 693 arma
368 675 441 693 culn
455 666 493 694 iis
510 665 608 694 socia-

40 712 126 742 bant.
147 714 195 741 Ex
217 717 326 740 nostro
346 712 459 740 Statius
478 712 492 739 I
507 710 608 741 Theb.

42 768 84 788 20
100 759 145 787 Et
157 756 323 797 conjurato
338 757 476 797 dejectos
488 756 609 786 ‘vertice

40 806 157 834 Dacos,
184 803 284 832 Iidem
314 804 393 832 Daci
419 814 492 832 cum
522 804 609 832 Getis

39 850 170 890 aliisque
194 849 334 878 barbaris
360 860 427 879 non
452 855 611 878 cessarunt

41 898 122 925 Istro
133 896 230 936 glacie
243 902 391 924 concreto
405 898 563 925 Romanos
576 893 611 922 fi-

41 952 96 971 nes
115 948 250 977 vastare,
270 940 370 970 donee
384 942 423 980 Q.
441 940 610 970 Tuberone

42 994 74 1017 et
87 987 195 1016 Paullo
209 987 306 1016 Fabio
323 986 409 1016 Coss.
424 987 463 1016 U.
480 986 515 1016 C.
532 987 609 1023 743,

44 1040 75 1062 et
89 1043 171 1062 anno
186 1034 330 1072 sequenti
343 1032 511 1072 perdomiti
525 1038 610 1068 sunt,

42 1079 194 1118 littusque
210 1079 342 1108 castellis
358 1085 388 1107 et
408 1077 490 1107 vallo
507 1078 611 1106 muni-

43 1131 112 1153 tum
126 1131 183 1155 est.
199 1125 238 1154 cf.
250 1126 380 1154 Sueton.
392 1126 502 1154 Octav.
516 1134 542 1154 c.
557 1134 573 1152 2
584 1134 610 1153 1.

45 1171 193 1200 Ceterum
216 1171 405 1210 Epicuream
428 1170 611 1209 sapientiam

44 1216 85 1245 ab
99 1218 188 1246 omni
204 1216 368 1256 republica
383 1215 526 1245 homines
541 1225 613 1244 avo-

47 1273 148 1299 casse,
172 1273 220 1292 res
243 1269 289 1291 est
312 1263 385 1291 satis
405 1269 481 1291 nota
502 1261 554 1290 vel
574 1272 613 1290 ex

48 1309 210 1338 Ciceronis
252 1307 528 1347 disputationibus.

50 1360 127 1393 497.
176 1353 351 1382 Discedens
388 1354 490 1382 multi.
532 1353 618 1381 Daci

50 1398 207 1428 montibus
214 1398 380 1428 inhaerent.
392 1398 475 1428 Flor.
489 1399 548 1435 IV,
563 1408 615 1435 12,

54 1455 67 1474 1
77 1445 106 1475 8.

99 1491 175 1530 498.
215 1492 276 1520 Res
320 1490 473 1520 comanae
510 1490 617 1521 Reisk.

51 1535 238 1566 emendabat
248 1559 256 1574 ‚
277 1535 311 1564 id
330 1543 391 1573 est,
407 1538 553 1566 Armenae
569 1536 620 1566 vel

52 1582 220 1618 Parthicae3
237 1593 311 1611 cum
329 1582 496 1623 indignum
509 1590 617 1623 poeta,

51 1635 83 1658 et
95 1628 222 1668 quidem
241 1630 402 1666 Romano,
417 1630 472 1666 sit,
494 1640 619 1669 rempu-

52 1673 166 1703 blicam
180 1676 356 1704 Romanam
366 1675 507 1714 pericura
518 1686 619 1716 regna

52 1720 217 1760 appellare.
233 1720 400 1760 [Mirando
415 1732 488 1751 sane
506 1723 620 1751 mentis

51 1766 233 1806 acuminel]
260 1784 307 1789 —-
332 1767 479 1797 Pet-itura
501 1778 618 1808 regna,

52 1822 124 1851 quae
138 1820 289 1852 pereunt,
309 1813 440 1851 afflicta;
455 1815 488 1844 in
503 1824 596 1854 prosa
611 1823 618 1844 ε

53 1868 223 1898 regnorum
232 1869 354 1896 munus,
369 1861 561 1897 eversiones,
576 1861 622 1889 in-

53 1904 165 1932 teritus
197 1904 244 1933 nil
281 1912 385 1942 curat;
423 1913 503 1945 quot
537 1907 622 1935 enim

54 1959 148 1989 regna
162 1959 230 1978 non
242 1950 329 1979 fuere
344 1951 466 1980 sublata
481 1962 497 1980 a
510 1953 625 1982 Roma-

54 1995 118 2023 nis!
148 1996 208 2024 Res
237 1997 390 2025 Romame
412 1997 625 2038 intelllgendae

47 2040 285 2076 ,vicissitudines
307 2048 338 2071 et
352 2042 480 2072 fortuna
502 2044 626 2083 imperii

55 2087 203 2117 Romani.
214 2089 295 2117 Sunt
310 2095 414 2118 autem
425 2089 494 2118 haee
507 2099 627 2119 accom-

57 2132 181 2164 modate
199 2133 237 2162 ad
262 2133 456 2175 hypothesin
478 2136 624 2176 Epicuri,

57 2184 89 2207 et
113 2180 196 2209 intra
213 2181 280 2219 ejus
301 2181 416 2221 placita
434 2181 624 2223 accipienda.

658 543 705 549 —-
725 530 800 565 499.
821 522 979 553 ,Miseram
998 528 1055 550 aut
1072 531 1136 550 non
1153 520 1230 549 invi-

660 572 707 602 dic
720 570 841 601 Zulich.
859 580 899 599 ex
913 568 1167 607 interpolatione.
1185 584 1231 588 —-

661 629 762 658 neque
798 617 852 646 ille
883 617 950 645 Aut
975 613 1078 643 doluit
1103 612 1230 654 (dolet)

662 665 816 694 miserans
829 662 971 702 inopem,
989 668 1045 689 nuc
1058 659 1170 688 invidit
1177 658 1232 688 Ιια-

661 710 761 747 beuti,
776 720 843 740 non
858 708 974 737 duritie
987 714 1017 736 et
1032 707 1148 736 ferocia
1165 706 1231 734 anj-

662 759 720 793 mi,
755 763 808 785 aut
833 756 936 785 Stoica
961 754 1064 793 aliqua
1091 752 1228 792 apathia,

662 814 733 844 quae
752 802 845 838 male,
870 811 885 830 a
911 801 1020 830 Servio
1048 798 1138 835 inde,
1167 798 1232 827 huc

662 849 851 883 advocatum
867 845 921 877 sed
935 856 994 875 nec
1010 845 1096 875 dolet
1110 855 1168 874 nec
1183 845 1232 874 in-

662 896 763 932 videt,
789 892 876 934 quod
893 894 927 922 in
952 902 1024 933 agro
1040 897 1180 920 remotus
1193 890 1232 919 ab

663 943 750 971 omni
770 949 946 981 pauperum
962 939 1084 967 miseria
1101 944 1132 967 et
1154 936 1234 966 djvi-

664 995 733 1017 tum
757 987 839 1016 luxu
863 996 897 1014 ac
921 985 1172 1021 sastu‚animum
1194 982 1234 1012 ab

664 1034 752 1064 omni
771 1031 1010 1073 perturbatione
1027 1040 1166 1059 vacuum
1180 1029 1234 1058 ha-

665 1080 739 1109 bere
754 1086 867 1119 potest.
892 1078 1026 1117 Copiose
1040 1077 1177 1106 illustrat
1187 1075 1234 1104 lo-

666 1137 740 1155 cum
761 1127 869 1154 Burm.
890 1125 1014 1153 Docent
1030 1123 1092 1152 hoc
1110 1129 1233 1151 antece-

665 1172 769 1201 dentia
789 1180 796 1200 z
824 1181 889 1199 non
903 1168 1017 1209 populi
1028 1168 1138 1210 fasces
1161 1175 1234 1203 etc.‚

665 1228 762 1258 quos,
782 1217 817 1246 in
833 1227 906 1257 agro
922 1217 976 1255 qui
994 1215 1093 1255 degit,
1108 1225 1174 1244 non
1188 1214 1235 1242 vi-

666 1264 734 1299 det,
746 1262 881 1302 ideoque
896 1272 955 1291 nec
963 1268 1068 1297 curat,
1081 1261 1151 1300 quis
1164 1260 1235 1289 illos

668 1309 782 1350 opibus
796 1310 860 1338 suis
881 1315 912 1337 et
931 1307 1049 1337 artibus
1068 1316 1238 1347 consequa·

668 1363 731 1383 tur.
995 1360 1009 1365 “

718 1398 910 1429 500-503,
926 1398 1093 1427 Praeiverat
1112 1398 1240 1428 Lucret.

670 1447 712 1483 V,
729 1445 796 1484 935
815 1444 958 1485 (notante
976 1443 1120 1473 Macrob.
1135 1444 1182 1472 VI
1193 1466 1202 1479 ,
1222 1453 1253 1472 1.

671 1490 767 1531 extr.)
781 1490 874 1530 Quod
887 1490 942 1518 Sol
955 1497 1052 1529 atque
1067 1488 1180 1518 imbres
1189 1489 1240 1518 de-

671 1536 889 1577 dera11c‚quod
895 1544 978 1565 terra
988 1542 1116 1565 crearat
1123 1536 1240 1575 Sponte

672 1594 743 1619 sua,
768 1583 845 1613 satis
874 1582 910 1611 id
927 1582 1085 1622 placabat
1107 1589 1240 1621 peccora

672 1630 802 1659 donum.
812 1631 887 1659 Non
899 1635 1003 1658 autem
1017 1635 1092 1657 sunt
1104 1638 1163 1667 pro
1176 1634 1242 1656 tau-

672 1676 786 1717 tologis
800 1675 960 1712 habenda,
977 1674 1061 1714 ipsa,
1077 1673 1238 1708 volentia,

672 1730 783 1762 sponte
807 1733 883 1758 sua,·
907 1721 962 1751 sed
984 1721 1084 1749 facere
1102 1719 1243 1760 putanda

674 1768 712 1798 ad
726 1769 889 1798 notionem
901 1768 1081 1808 primariam
1093 1765 1198 1794 vivide
1213 1772 1244 1794 et

672 1814 796 1845 fortiter
824 1813 1051 1844 declarandam.
1085 1812 1247 1851 Expressit

674 1862 836 1901 sequentia
852 1863 978 1897 Seneca,
988 1861 1082 1889 Herc.
1099 1857 1162 1888 fur.
1182 1858 1244 1898 159

675 1918 721 1947 sq.
747 1906 896 1936 Volentia
921 1916 996 1936 rura
1020 1916 1059 1934 ex
1083 1904 1246 1944 graecismo

677 1953 809 1993 exponit
823 1954 968 1992 Toupius
977 1953 1010 1980 in
1023 1949 1110 1981 Suid.
1122 1951 1196 1986 t.11‚
1212 1960 1245 1989 p.

680 2006 739 2038 49,
764 1998 822 2027 ubi
842 2009 881 2027 ex
906 1996 1055 2037 Xenoph.
1078 1995 1208 2026 laudat:
1227 1994 1248 2027 ’ἦ

679 2047 721 2089 γῆ
746 2043 874 2074 (timum
895 2061 942 2067 —-
963 2040 1107 2073 διδάσκει
1125 2049 1157 2073 et
1173 2041 1249 2070 hine

679 2090 803 2132 θέλεμῡς
821 2092 864 2134 γῆ
880 2097 902 2121 t.
923 2092 953 2127 1,
974 2101 1006 2131 p.
1026 2089 1103 2120 285.
1127 2087 1250 2119 Praebe-

679 2137 734 2166 bat
756 2143 862 2166 tamen
883 2138 950 2177 ipsa
973 2147 1022 2166 res
1043 2141 1145 2176 poetae
1167 2134 1250 2170 hoc,

680 2183 731 2214 vel
756 2184 823 2213 sine
850 2182 1084 2224 Xenophonte,
1110 2182 1136 2211 si
1165 2179 1249 2222 ipsa,
