1408 2428
631 76 751 110 LIBER
777 77 801 106 Ι.

1251 80 1310 111 149

119 133 164 168 Et
180 131 272 180 quid
289 143 448 181 quaeque
463 131 558 167 ferat
574 132 678 181 regio
688 160 697 176 ‚
715 141 751 168 et
767 130 859 180 quid
874 143 1033 180 quaeque
1048 140 1205 168 recuset.

118 192 190 228 Hic
207 201 366 241 segetes,
388 191 463 227 illic
477 191 634 228 veniunt
656 192 799 228 felicius
816 204 899 227 uvae
926 205 934 227 ε

118 250 284 287 Arborei
300 251 396 287 fetus
413 249 520 296 alibi,
540 260 652 300 atque
672 251 813 300 injussa
829 250 1020 287 virescunt

1277 258 1306 280 55

117 310 307 347 Gramina.
322 312 457 347 Nonne
472 310 577 346 vides
588 338 598 355 ‚
619 323 771 346 croceos
791 319 833 346 ut
848 309 1000 346 Tmolus
1022 307 1156 344 odores
1167 336 1176 352 ‚

116 370 224 406 India
239 370 352 406 mittit
374 369 488 416 ebur,
509 364 638 407 molles
658 383 724 408 sua
741 379 827 407 tura
843 368 989 406 Sabaei?

116 498 164 517 res
182 489 248 527 ipsa
266 488 431 529 postulat.]
446 488 580 518 Habitus
597 487 681 518 Ioco-

116 544 202 569 rum,
224 533 256 564 h.
274 540 434 571 naturam,
460 536 587 575 genium
603 536 680 576 agri,

115 590 155 608 ex
173 587 331 620 praecepto
352 582 496 610 omnium
518 582 574 621 qui
592 580 630 610 de
648 591 681 610 re

115 627 231 654 rustica
254 625 419 657 tradidere.
445 626 526 656 Vide
548 627 599 656 vel
619 629 681 657 Xe-

116 671 212 711 noph.
238 674 359 703 OEcon.
385 674 481 708 XVI,
503 684 520 702 2
545 679 575 702 et
594 683 657 713 seq.
673 695 682 709 ‚

114 727 210 756 quem
235 725 305 747 ante
331 718 441 748 oculos
468 718 614 748 habuisse
637 720 684 748 vi-

115 762 208 792 detur
232 764 393 804 Virgilius,
413 764 540 794 Patrios
562 765 680 800 cultus,

116 808 241 838 colendi
260 811 412 839 rationem
437 820 497 839 usu
528 811 682 847 majorum

115 855 289 894 probatam.
317 855 458 885 Dickson
493 855 685 894 Husbcmdry

116 899 216 941 osche
229 900 373 930 anciencs
387 907 408 931 t.
425 902 456 936 Ι,
470 911 501 940 p.
518 911 580 938 217
593 912 600 937 ;
611 902 684 940 qui,

116 945 203 986 quod
216 946 316 984 facere
335 956 459 976 necesse
474 956 540 975 uon
558 953 620 983 est,
637 956 684 975 re-

115 991 286 1032 petendum
317 1003 381 1022 esse
418 992 586 1021 arbitratus
619 993 684 1032 epi-

116 1038 226 1067 theton
244 1038 367 1078 patrios
395 1038 495 1068 cultus
513 1045 543 1067 et
565 1038 686 1078 patrios

116 1083 239 1113 habitus
252 1085 406 1120 locorum,
428 1084 550 1114 laborat
570 1085 605 1113 iu
626 1095 683 1114 no-

116 1131 202 1159 tione
228 1130 354 1160 alterius
382 1132 445 1167 rei,
463 1132 592 1170 quinam
620 1140 684 1160 esse

115 1177 237 1215 possint
252 1175 374 1205 habiens
385 1176 505 1216 patrii:
521 1187 579 1205 cur
601 1178 683 1206 enim

116 1221 162 1250 ssli
177 1223 331 1260 majorum
345 1230 431 1252 aetate
447 1222 562 1252 diversi
578 1233 594 1251 a
608 1233 686 1263 prze-

118 1269 199 1297 senti
231 1270 296 1310 agri
328 1270 467 1298 natura?
498 1270 590 1298 Dicas
621 1279 685 1298 esse

115 1320 278 1352 naturam,
308 1315 433 1356 qualem
463 1316 594 1353 majores
625 1325 685 1343 usu

82 1379 86 1383 ·
116 1368 338 1400 cognoverant.
364 1363 533 1391 Enimvero
563 1359 686 1388 habitus

115 1404 255 1435 Iocorum
275 1417 331 1446 per
354 1417 386 1435 se
409 1414 484 1435 sunt
515 1404 683 1435 sumendi:

91 1460 93 1462 ·
116 1458 147 1479 et
171 1462 282 1480 eorum
311 1452 411 1480 cultus
437 1458 483 1481 est
495 1451 684 1491 patrius.—

120 1497 171 1526 53.
207 1497 286 1527 Plin.
307 1499 437 1534 XVIII,
468 1503 507 1535 47
537 1504 617 1527 extr.
644 1498 684 1526 In

117 1542 209 1572 omni
233 1543 358 1583 quidem
382 1550 478 1583 parte
498 1543 685 1572 culturae—-

115 1589 210 1618 valet
222 1589 382 1619 oraculum
393 1589 476 1618 illud
481 1601 493 1624 ;
510 1589 590 1629 quid
601 1600 685 1629 quee-

116 1645 177 1674 que
193 1635 281 1676 regio
296 1635 451 1675 paciatur.
475 1637 547 1665 Jam
567 1636 601 1664 in
625 1636 681 1672 iis,

115 1691 187 1721 quae
217 1688 394 1721 sequuntur
405 1704 413 1719 ,
430 1691 562 1722 agnosce
580 1683 681 1721 poeti-

117 1736 184 1756 cam
224 1729 397 1764 rationem,
433 1729 682 1768 propositionem

116 1773 291 1813 generalem
311 1784 368 1814 per
391 1774 514 1815 singula
541 1774 683 1814 exempla

117 1818 295 1849 declarandi
329 1827 359 1849 et
397 1819 541 1850 ornandi.
571 1837 617 1842 —-
641 1821 682 1856 54

117 1875 184 1904 sqq.
204 1865 360 1895 Convenit
381 1866 472 1895 locus
493 1876 566 1895 cum
591 1869 683 1896 AEtna

121 1911 185 1939 258
209 1921 277 1950 sqq.
300 1929 346 1934 —
363 1912 415 1941 55.
446 1914 505 1941 Per
533 1911 686 1952 gramina

119 1956 269 1985 declarari
287 1964 363 1996 puta
385 1967 511 1997 pascua.
535 1957 662 1997 Injussa
675 1979 709 2002 ,q

119 2009 250 2042 sponte,
278 2003 402 2033 Colum.
428 2005 477 2039 X,
508 2003 548 2031 16
575 2009 686 2032 natura

120 2049 179 2078 soli
189 2071 198 2086 ‚
218 2059 290 2089 quae
298 2049 463 2086 —injussi
477 2048 689 2078 consternitur

123 2094 214 2124 ubere
260 2094 347 2124 mali.
383 2111 430 2118 ——
467 2096 528 2124 Pro
565 2093 685 2135 injussa

122 2141 202 2170 male
221 2140 349 2181 quidam
368 2151 417 2181 ap.
436 2141 516 2171 Pier.
534 2147 564 2170 et
579 2141 687 2170 Heius.

124 2185 225 2216 invisa
238 2210 247 2223 ,
277 2186 405 2228 injusta.
425 2205 471 2210 —
489 2187 542 2218 56.
570 2188 688 2217 Nonne

732 487 826 518 vides
840 498 851 516 .·
878 493 924 516 est
946 487 1028 516 inter
1052 485 1202 515 formulas
1225 496 1302 515 enu-

733 534 945 564 merationum
970 541 978 561 :
1011 542 1088 572 pro,
1131 538 1303 572 praeterea.

733 590 852 621 porro:
872 586 902 608 et
924 578 1019 608 habet
1048 575 1219 621 ἐνάργειαν.
1237 577 1305 616 Οὐχ

736 624 831 668 ὀρείας
845 625 1029 655 Arat.Di0s.
1045 635 1094 664 pr.
1110 623 1220 653 Crocei
1235 623 1310 652 odo-

737 683 787 702 res
814 683 873 713 pro
908 681 1011 700 croco.
1044 669 1171 700 Tmolus
1200 668 1307 710 Lydiae

737 729 845 755 mons,
861 718 936 747 vino
951 727 1102 758 generoso
1123 715 1239 745 nobilis
1251 739 1259 752 ‚
1277 727 1307 745 v.

736 766 778 801 ΙΙ,
791 765 832 804 98
844 774 851 793 ;
862 774 934 792 eum
944 773 1071 799 nucem,
1082 769 1113 791 et
1123 768 1307 797 castaneam,

736 811 831 839 vitem
847 832 854 845 ‚
879 808 996 837 malum
1027 814 1057 836 et
1083 808 1162 836 mala
1190 808 1307 837 Punica

735 855 815 885 ferre
834 855 941 884 asserit
956 853 1116 893 Theophr.
1134 854 1173 882 H.
1196 855 1228 882 P.
1247 854 1308 884 IV,

736 901 822 937 ,63at
835 898 977 931 'eundem
997 910 1013 929 a
1033 910 1128 929 croco
1148 908 1309 928 commen-

738 939 846 976 datum
868 955 955 975 nunc
987 945 1140 975 videmus.
1168 946 1311 975 succinit

737 993 871 1033 Virgilio
886 992 1060 1021 Columella
1074 993 1120 1020 III
1132 1014 1140 1028 ,
1159 991 1176 1024 S
1186 1013 1194 1027 ,
1215 997 1244 1027 4,
1257 992 1313 1030 qui

738 1045 843 1067 tamen
869 1039 1036 1067 Maronem
1064 1039 1153 1077 sequi
1182 1038 1307 1076 potuit:

737 1084 838 1114 Soliui
859 1090 889 1113 et
910 1083 1064 1113 Marciani
1085 1084 1253 1112 auctoritas
1266 1106 1272 1114 .
1294 1095 1310 1111 .·ι

739 1130 838 1160 Cerda
854 1136 1038 1166 memorata,
1055 1136 1100 1158 est
1115 1128 1211 1158 nulla.
1229 1130 1311 1158 Cou-

737 1183 784 1206 tra
818 1178 851 1206 in
882 1176 992 1206 Cilicia
1020 1185 1132 1205 crocus
1162 1175 1309 1214 frequens

736 1222 958 1263 proveniebat,
993 1222 1136 1262 inprimis
1169 1220 1205 1249 ad
1240 1222 1309 1250 Co—

737 1270 863 1309 rycium
917 1268 1184 1308 promontorium.
1238 1268 1308 1296 Ser-

736 1316 808 1344 vius
837 1314 985 1344 Tmolum
1019 1313 1137 1343 Ciliciae
1168 1319 1308 1341 montem

738 1371 802 1390 esse
827 1360 967 1396 dixerat,
996 1358 1081 1388 unde
1108 1360 1310 1387 Burmannus

738 1406 887 1436 Tmolum
901 1415 960 1445 pro
978 1405 1086 1435 Cilicia
1099 1404 1222 1433 dictum
1242 1414 1311 1434 cen-

737 1451 840 1489 sebat,
856 1452 930 1491 quia
940 1457 1060 1480 veteres
1075 1452 1109 1480 iu
1123 1450 1242 1480 Ciliciae
1251 1460 1309 1479 no-

738 1499 823 1528 mine
838 1504 998 1530 errarunt,
1016 1507 1089 1526 cum
1107 1495 1253 1525 viderent
1263 1497 1312 1525 Ci-

737 1543 812 1573 licas
839 1542 923 1583 apud
940 1544 1117 1573 Homerum
1142 1545 1309 1572 memorari

736 1591 771 1620 in
812 1590 935 1630 Mysia3
969 1590 1108 1628 potuisse
1144 1588 1220 1617 adeo
1256 1599 1308 1618 eos

737 1636 829 1666 etiam
854 1635 997 1671 credere,
1021 1634 1151 1675 Lydiam
1172 1634 1307 1665 Cilicum

735 1682 849 1719 fnisse,
877 1688 907 1711 et
936 1681 1047 1711 Cilices
1068 1691 1169 1721 usque
1193 1680 1231 1710 ad
1247 1682 1310 1720 Ly-

736 1727 818 1758 diam
848 1727 927 1757 fines
959 1726 1175 1768 protendisse;
1204 1728 1246 1755 ita
1273 1733 1309 1754 ut

736 1774 867 1804 Tmolus
881 1784 940 1814 pro
961 1774 1079 1804 Ciliciae
1096 1779 1203 1803 monte
1223 1771 1307 1801 dice—

735 1827 833 1851 retur.
852 1819 933 1850 Vide
950 1821 1058 1849 Burm.
1080 1818 1118 1848 ad
1134 1819 1166 1849 h.
1186 1819 1208 1848 l.
1226 1825 1256 1848 et
1271 1817 1310 1847 ad

737 1866 831 1898 Ovid.
847 1868 924 1896 Met.
936 1867 1015 1901 XII,
1036 1875 1109 1904 109.
1126 1865 1227 1904 Atqui
1238 1863 1306 1893 haec

739 1922 832 1952 quam
859 1912 952 1952 longe
975 1911 1073 1951 petita
1103 1911 1167 1939 sint
1196 1909 1282 1939 vides
1305 1921 1312 1945 ;

737 1968 797 1987 nec
812 1958 893 1987 bene
911 1967 945 1986 ea
960 1957 1037 1986 olim
1049 1962 1202 1996 sequutus
1212 1966 1307 1985 eram.

739 2005 846 2033 Potuit
863 2010 895 2032 et
908 2003 1039 2033 Tmolus
1054 2012 1183 2032 crocum
1205 2002 1285 2031 ferre
1297 2024 1305 2035 ,

739 2059 814 2078 cum
841 2049 907 2078 aliis
937 2049 1027 2078 terris
1057 2048 1141 2089 apud
1170 2048 1307 2078 Plinium

740 2097 836 2132 XXI,
853 2095 892 2133 6,
913 2105 950 2133 17
971 2096 1168 2131 memoratis3
1191 2101 1221 2124 et
1236 2095 1310 2123 Vir-

740 2141 834 2182 gilius
856 2142 1003 2171 Graecum
1028 2141 1164 2181 aliquem
1186 2147 1312 2181 poetam

742 2189 928 2228 exprimere.
953 2206 997 2211 —-
1025 2189 1077 2227 57.
1105 2186 1215 2218 Nucrit
1240 2186 1307 2215 ebur

1148 2249 1186 2265 ἢ]-

1125 2263 1168 2287 13
