1408 2428
582 57 703 86 LIBER
729 57 752 86 Ι.

74 117 191 151 Terra
212 114 356 160 tremit3
378 114 506 163 sugere
523 113 628 159 ferae3
650 122 686 149 et
704 112 876 150 mortalia
895 111 1010 149 corda

1202 52 1263 91 193

1216 117 1264 141 33⁰

75 176 146 210 Per
162 182 290 223 gentes
310 173 461 210 humilis
479 173 611 210 stravit
631 186 762 222 pavor.
784 173 850 209 Ille
870 170 1043 222 flagranti

77 237 152 270 Aut
172 235 293 280 Atho,
315 243 377 271 aut
396 233 627 283 Rhodopen,
645 242 709 270 aut
729 234 802 269 alta
821 232 1004 270 Ceraunia
1022 231 1096 268 telo

76 294 231 344 Dejicit3
252 294 481 344 ingeminant
498 294 615 332 austri
635 304 671 331 et
691 294 929 330 densissimus
949 292 1088 338 imber3

77 357 188 390 Nunc
205 367 359 390 nemora
378 354 520 403 ingenti
539 362 670 399 vento,
687 367 786 389 nunc
805 353 916 388 litora
932 351 1124 400 plangunt.

128 416 211 451 Hoc
229 423 419 460 metuens,
439 414 523 451 coeli
542 427 688 451 menses
709 422 744 450 et
764 413 886 449 sidera
906 424 1031 456 serva,

82 564 115 582 re
133 553 245 583 moliri.
254 552 405 582 Illaxz'ma
420 561 504 582 terra
515 559 561 583 est
573 564 655 595 mag-

80 610 136 636 na,
153 599 232 642 γαῖα.
247 598 382 641 πελώρη
393 618 438 622 *—
452 601 527 629 330.
538 600 657 629 Fremit

78 646 201 675 Zulich.
220 663 266 669 -—
281 647 325 676 Ec
349 653 420 686 post
437 645 523 687 ferae
545 647 654 675 Marti-

77 702 138 720 nus
157 693 294 723 sustulit.
306 709 352 716 ·-—-
369 694 415 722 De
437 693 568 722 hiberna
582 703 654 731 pro-

77 737 155 767 cella
172 739 283 767 similia
294 750 323 770 v.
338 738 421 779 apud
436 739 564 769 Hes-iod.
575 734 651 782 ἕργ-

80 784 117 812 51
130 795 156 820 1,
179 785 256 821 512,
273 792 303 814 et
322 786 513 824 529—533.
533 787 654 826 Fugere

76 840 135 869 pro
150 830 277 871 fugiunt
289 843 296 868 ;
315 832 538 871 utsaepissiine‚
550 842 588 861 ex
599 842 652 860 ao-

75 876 152 905 risio
164 886 171 906 5
184 877 246 905 nisi
259 877 336 906 velis
346 878 481 918 argutari
494 888 534 906 ex
547 888 654 906 verna-

75 921 148 951 culo
177 933 331 953 sermone.
351 941 396 945 -
410 925 486 953 331.
508 924 653 953 Humiles

76 969 192 998 Moret.
207 979 269 999 sec.
279 969 452 1010 fragranti
464 971 596 1009 primus,
606 987 653 993 ——-

76 1014 215 1043 Humilis
235 1026 339 1055 pavor
360 1017 483 1055 poetica
508 1023 653 1045 venusta-

77 1066 107 1088 te
121 1072 129 1097 3
149 1062 263 1100 partim
281 1062 367 1101 quod
384 1062 486 1092 reddit
502 1061 651 1099 humiles,

77 1108 210 1146 partim,
231 1108 317 1147 quod
333 1108 441 1138 tt'mere
461 1109 652 1148 pusillanimi

78 1158 109 1181 et
135 1152 264 1183 humilis
296 1156 390 1184 animi
419 1163 473 1185 est.
510 1155 626 1185 Stravit
641 1179 649 1193 ‚

77 1200 189 1230 sternit
204 1222 212 1237 ,
241 1210 358 1241 pavor,
385 1205 524 1238 animos,
551 1212 649 1232 κατα-

78 1242 207 1277 πλῆττει
219 1269 227 1283 ,
257 1248 419 1287 percellit3
449 1248 536 1277 unde
558 1250 649 1278 etiam

78 1299 284 1322 consternare
323 1294 465 1325 ductum.
495 1311 542 1316 ——
572 1296 648 1326 332.

77 1337 204 1367 Montes
230 1339 360 1369 fulmine
388 1341 477 1375 ferit,
506 1339 649 1378 dicebas;

78 1389 108 1411 at
131 1393 226 1422 quam
253 1385 388 1415 sublime
403 1395 410 1415 τ
425 1385 557 1426 dejicit!
583 1389 650 1416 Ma-

77 1428 123 1468 gis
142 1431 235 1458 etiam
256 1439 388 1461 exornat
407 1431 474 1461 haec
496 1432 591 1463 Silius
607 1435 648 1470 V,

79 1474 273 1515 385-389.
298 1477 470 1518 Flagranti
484 1479 565 1515 telo,
583 1480 648 1508 Ho-

79 1522 159 1550 meri
190 1529 220 1551 et
245 1524 396 1560 Hesiodi3
436 1521 574 1564 ψολόεντι
598 1535 648 1554 κε-

77 1569 189 1609 ραυνῷ.
217 1568 297 1597 Alta
333 1569 491 1599 Ceraunia
518 1567 647 1612 ἀκροκε-

77 1611 186 1653 ρκὺνια.
208 1615 280 1643 satis
303 1616 372 1644 noti
398 1616 448 1645 vel
467 1627 507 1645 ex
525 1618 649 1647 Horatii

75 1659 89 1687 I
99 1680 107 1695 ‚
120 1659 221 1690 Carm.
239 1661 255 1689 3
265 1683 274 1697 ‚
290 1661 378 1701 Epiri
392 1669 530 1699 montes,
541 1664 596 1702 qui
614 1664 648 1693 in

74 1715 158 1734 mare
182 1714 396 1746 procurrunt,
421 1715 457 1737 ut
483 1708 584 1738 Athos
613 1710 647 1739 in

75 1761 159 1780 mare
171 1754 321 1793 AEgaeum‚
333 1754 530 1784 Macedoniae
544 1765 644 1785 mons.

76 1814 122 1820 -—
148 1797 257 1827 Athon
290 1799 408 1829 Medic.
443 1803 520 1841 Reg.
552 1802 645 1831 Pierii

74 1844 208 1874 Roman.
230 1862 277 1867 —-
302 1845 419 1876 Medic.
441 1853 473 1876 et
497 1847 558 1876 alii.
588 1849 644 1876 Le-

74 1888 168 1928 gend.
192 1891 324 1920 omnino
350 1891 453 1928 Atho,
488 1892 573 1932 quod
599 1895 645 1921 A-

74 1933 150 1963 tlzon
170 1942 270 1965 metro
289 1945 452 1978 repugnat.
467 1939 586 1967 Versus
600 1945 645 1967 est

72 1990 114 2009 ex
133 1980 267 2012 Theoer.
287 1983 368 2020 VH,
394 1994 432 2021 77
452 1976 500 2013 :fi
518 1974 607 2020 Ᾰθω,
623 1982 643 2017 ἦ

74 2017 238 2064 ῥοδόπαν,
258 2025 277 2058 ’ἥ
299 2026 464 2058 Καύκασον
486 2027 644 2068 ἐσχατόεν-

72 2082 123 2103 τα..
141 2090 187 2095 —
204 2074 280 2103 333.
313 2073 465 2115 [Disjz'cit
488 2075 642 2105 redonan-

71 2117 149 2148 dum
188 2119 495 2150 consummatissimo
538 2129 642 2162 poetae

72 2170 178 2195 censet
207 2165 331 2197 Wakef.
360 2165 398 2196 ad
434 2169 558 2200 Lucret.
587 2169 618 2198 V
631 2191 640 2206 ‚

272 2231 303 2268 1.

1221 419 1269 443 335

711 559 797 589 4043
816 558 928 591 utpote
944 549 1030 592 quod
1052 550 1147 590 longe
1158 548 1277 590 fhrtius

707 598 900 628 vocabulum
914 620 923 635 ‚
956 604 987 626 et
1017 595 1186 638 efficacias.
1203 595 1213 635 ]
1233 613 1278 618 ——

708 644 922 674 Densissimus
950 642 1049 672 oelher
1072 642 1111 671 ed
1135 643 1217 672 Ven.
1247 650 1278 672 et

708 702 790 720 unus
815 690 920 720 Mead.
941 706 986 711 —-
1008 690 1083 724 334.
1113 688 1279 729 Plangunc

707 736 739 767 h.
766 738 787 767 l.
820 738 1003 777 plangorem
1037 734 1135 764 edunt
1152 758 1159 771 ‚
1194 746 1279 765 reso-

708 791 803 813 nant:
818 784 947 822 proprie
959 792 1043 811 mare
1051 780 1192 821 plangit,
1212 792 1278 821 per-

709 832 788 858 cutit
816 829 922 865 littus,
962 835 999 857 nt
1029 834 1171 863 resonet3
1209 834 1278 857 tum

700 876 868 916 plangunt
889 875 995 905 littora
1020 884 1031 902 :
1054 884 1140 902 nunc
1162 883 1278 903 assum-

708 929 775 951 tum
798 922 929 951 alterum
947 930 1093 962 quoque,
1113 919 1280 961 plangunt

707 979 849 999 nemora.

755 1016 831 1046 335.
867 1015 946 1044 Coeli
978 1024 1080 1044 mores
1115 1013 1278 1043 substituit

706 1062 739 1091 id
764 1062 889 1092 W'akef.
917 1061 956 1090 ad
983 1063 1106 1090 Lucret.
1130 1061 1164 1096 Ι,
1193 1070 1276 1100 2973

706 1119 827 1145 memor
837 1121 866 1139 v.
883 1109 899 1137 5
910 1119 920 1136 1
935 1108 1008 1137 coeli
1018 1106 1205 1147 praediscere
1216 1118 1279 1136 mo-

707 1166 772 1185 rem
795 1172 842 1179 ·-—
866 1157 999 1194 Propter
1026 1154 1082 1182 has
1114 1159 1278 1194 tempesta-

706 1209 772 1231 tum
786 1202 975 1231 mutationes
991 1199 1188 1230 observanda
1203 1206 1278 1230 suut

704 1248 947 1288 annitempora,
964 1257 1040 1276 mox
1053 1257 1083 1275 v.
1104 1246 1165 1274 351
1178 1268 1186 1283 ‚
1204 1256 1275 1285 pro-

705 1296 847 1334 gnostica
875 1306 916 1323 ex
945 1291 1162 1332 atmosphaera.
1198 1292 1280 1321 Coeli

706 1352 828 1370 menses
862 1340 964 1380 simpl.
996 1345 1137 1378 tempora
1160 1338 1276 1368 intelli-

705 1398 797 1427 gam,
832 1387 906 1426 quia
934 1392 1090 1414 astrorum
1108 1406 1116 1420 ,
1145 1394 1215 1424 quae
1242 1386 1276 1414 in

704 1433 786 1462 coelo
812 1439 904 1469 sunt,
936 1439 1026 1461 motu
1051 1429 1274 1460 definiuntur:

703 1479 830 1509 volebat
849 1479 1039 1518 subjungere
1059 1477 1156 1507 solem
1178 1484 1210 1506 et
1228 1477 1275 1507 lu-

703 1536 776 1554 nam
795 1535 802 1555 :
819 1526 925 1565 posuit
938 1534 997 1564 pro
1014 1525 1052 1553 iis
1067 1524 1187 1561 sidera3
1216 1534 1275 1552 εω-

703 1571 729 1600 li
753 1571 858 1600 sidera
883 1577 978 1600 erunt
1001 1570 1080 1599 adeo
1105 1570 1143 1599 de
1167 1569 1275 1610 plane-

704 1618 743 1646 tis
761 1617 945 1657 accipienda
957 1639 964 1653 ‚
990 1623 1025 1645 ut
1045 1616 1193 1654 subjiciat
1209 1615 1274 1646 duo

703 1664 781 1692 alios
794 1664 945 1703 planeta5‚
959 1665 1128 1693 Saturnum
1145 1669 1176 1693 et
1189 1664 1275 1692 Mer-

703 1710 839 1739 curium.
852 1710 921 1739 Nisi
937 1709 1024 1738 malis
1037 1708 1193 1739 adhzcrere
1209 1711 1276 1739 Ser-

701 1756 802 1784 vianae
818 1756 1090 1795 interpretationi,
1116 1762 1152 1784 nt
1167 1754 1275 1785 sidera

701 1802 764 1830 sint
799 1801 967 1830 duodecim
995 1802 1083 1841 signa
1117 1801 1274 1840 thaci,

700 1858 771 1887 quae
791 1847 923 1877 totidem
947 1848 1010 1876 fere
1038 1847 1203 1878 mensibus
1226 1849 1274 1879 sol

698 1900 861 1934 peragrat;
881 1901 1076 1933 quapropter
1090 1905 1216 1925 menses
1230 1907 1275 1925 es-

699 1946 769 1968 sent
799 1939 921 1977 adjecti.
948 1941 1022 1969 Esse
1048 1950 1148 1980 porro
1175 1942 1273 1972 verba

699 1984 863 2025 depromta
891 1996 908 2014 e
938 1987 1118 2017 Menandro
1135 2011 1144 2026 ‚
1183 1996 1273 2019 notat

698 2032 823 2060 Nonius
847 2031 1014 2063 Marcellus
1041 2035 1077 2063 in
1104 2045 1183 2065 voce
1207 2046 1286 2070 ser-7

697 2087 771 2106 vare
785 2088 796 2106 :
808 2077 863 2107 sed
878 2079 989 2109 Graeca
1004 2089 1152 2122 corrupta
1175 2089 1269 2112 sunt:

696 2123 777 2152 forte
795 2135 889 2154 usum
909 2127 962 2156 τοῦ
983 2138 1105 2157 servare
1129 2138 1189 2169 pro
1213 2128 1271 2159 ob-

695 2179 836 2208 servare,
859 2182 899 2202 ex
915 2172 1016 2216 τηρεῖν
1039 2175 1163 2204 tantum
1180 2174 1273 2209 illus«

1054 2252 1097 2281 17
