1408 2428
600 75 770 105 ECLOGA
795 77 820 105 Ι.

108 138 288 172 Protenus
305 146 402 183 aeger
417 145 504 182 ago;
522 131 618 168 hanc
633 133 746 168 etiam
760 132 846 176 vix,
864 132 1011 181 Tityre,
1028 133 1138 169 duco.

107 194 177 229 Hic
193 193 290 229 inter
308 192 438 228 densas
455 191 604 227 corulos
621 190 736 226 modo
752 203 913 239 namque
931 192 1106 239 gemellos
1117 219 1127 236 ,

107 260 219 307 Spem
235 257 356 307 gregis
367 284 376 301 ‚
393 256 458 292 ah!
475 256 577 292 silice
594 255 632 291 in
645 254 747 291 nuda
764 255 925 290 connixa
942 255 1103 304 reliquit.
1277 263 1306 287 ιε

108 321 215 367 Saepe
230 318 367 353 malum
382 316 455 352 hoc
472 316 599 360 nobis,
618 316 648 351 si
666 329 770 352 mens
787 328 863 350 non
880 315 974 351 laeva
992 315 1140 360 fuisset,

113 381 170 413 De
185 378 277 412 coelo
296 385 410 413 tactas
426 375 581 411 memini
598 375 805 424 praedicere
821 388 994 423 quercus.

109 437 234 486 *Saepe
250 437 402 473 sinistra
417 449 509 472 cava
525 436 698 484 praedixit
713 435 760 471 ab
777 435 860 470 ilice
880 434 1022 470 cornix.
1033 432 1049 447 *

109 496 183 534 Sed
200 506 340 541 tamen,
358 497 426 533 iste
444 495 535 531 deus
552 496 617 544 qui
633 495 699 539 sit,
718 494 784 538 da,
801 494 947 542 Tityre,
964 493 1085 529 nobis.

239 589 242 591 ,
623 567 797 590 Tlrvnns.

107 615 268 659 Urbem,
284 628 396 663 quam
414 615 542 650 dicunt
558 616 716 649 Romam
727 614 738 659 ‚'
753 612 949 656 Meliboee,
966 612 1097 661 putavi
1278 629 1307 643 κω

107 675 250 710 Stultus
265 687 334 723 ego
351 674 438 708 huic
455 682 590 709 nostrae
606 673 781 716 similem,
799 684 875 720 quo
892 684 990 719 saepe
1007 671 1170 708 solemus

108 737 280 770 Pastores
297 734 424 769 ovium
442 743 589 769 teneros
607 732 795 780 depellere
814 732 921 767 fetus.

156 860 193 888 13
224 858 373 887 Protinus
408 857 556 886 nonnulli
592 857 676 896 apud

104 906 212 934 Heius.
223 911 255 932 et
269 905 375 933 Burni.
387 905 475 931 Vana
489 902 674 942 disputatio;

104 951 268 988 utriusque
294 950 458 988 scripturae
480 949 526 976 vis
553 949 674 985 eadem;

105 996 263 1035 antiquior
272 1002 375 1024 tamen
380 1001 542 1034 protenns;
551 1005 678 1034 corrup-

105 1048 134 1070 ta
144 1052 200 1081 per
210 1042 509 1081 pronuntiationem.
517 1043 677 1070 —Prote-

105 1098 180 1123 nus,
202 1097 298 1127 porro
316 1094 426 1122 tenus,
448 1087 539 1127 longe
562 1097 577 1115 a
602 1085 674 1115 fini-

103 1133 178 1169 bus,
194 1134 319 1163 Servius
339 1133 390 1162 ait.
412 1132 600 1172 Simpliciter
624 1143 673 1161 ac-

102 1178 285 1218 cipiendum
308 1190 366 1219 pro
390 1188 397 1208 :
420 1186 490 1207 ante
511 1190 542 1208 se
565 1189 672 1219 agere3

104 1235 177 1265 opp.
189 1227 232 1267 τῷ
244 1236 364 1260 errare,
378 1224 506 1265 vagari,
523 1225 609 1264 quod
619 1224 655 1254 fit
665 1246 672 1260 ,

105 1271 182 1300 dum
206 1271 352 1311 pascendi
383 1281 488 1300 caussa
519 1278 674 1311 aguntum

104 1324 135 1346 at
149 1317 201 1346 hic
211 1317 392 1358 abiguntur.
409 1319 510 1347 Unam
526 1327 600 1347 vero
619 1317 675 1345 du-

106 1362 163 1397 cit,
182 1363 256 1393 fune
272 1363 374 1393 trahit.
386 1380 431 1384 —
449 1369 498 1398 14.
516 1363 581 1391 Alii
597 1363 674 1391 cori-

107 1409 154 1437 los
174 1409 224 1437 vel
243 1409 374 1439 corrlos.
396 1409 449 1438 Nil
472 1409 565 1437 refert
582 1417 588 1437 z
611 1419 674 1437 ser-

107 1453 207 1483 vanda
232 1460 334 1483 tamen
356 1455 482 1493 antiqua
510 1455 674 1493 scriptura.

108 1501 231 1529 Densos
252 1500 336 1529 Leid.
357 1511 372 1528 a
392 1510 474 1529 man.
495 1510 609 1529 sec.—
625 1501 673 1528 15.

106 1545 250 1575 connixa
265 1545 407 1585 reliquit,
421 1556 486 1574 nou
503 1545 597 1574 modo
608 1545 675 1574 eni-

107 1602 155 1621 xa
169 1599 232 1627 est,·
256 1591 396 1631 reliquit,
420 1592 568 1628 majorem
584 1593 676 1620 etiam

108 1637 339 1667 miserationem
358 1638 472 1666 excitat
489 1646 495 1665 :
516 1637 602 1676 quod
620 1648 677 1666 uer.

108 1683 188 1713 lacte
206 1683 286 1712 alere
298 1693 356 1712 nec
372 1693 478 1712 secum
493 1682 607 1712 ducere
620 1693 677 1722 po-

108 1730 179 1758 tuit.
208 1729 295 1758 st‘lice
320 1729 352 1758 in
382 1729 483 1763 nuda,
513 1739 578 1758 non
601 1729 676 1758 suh-

108 1776 210 1804 stratis
218 1775 335 1811 herbis,
345 1776 401 1805 Ge.
417 1776 475 1811 111,
490 1784 565 1813 297:
581 1775 678 1804 Edico

108 1837 154 1843 ---
176 1828 207 1849 ec
230 1821 329 1849 multa
347 1821 459 1849 duram
484 1820 675 1862 stipulafili-

110 1876 242 1905 cumque
253 1866 404 1906 maniplis
420 1868 564 1895 Sternere
578 1867 680 1896 subter

110 1910 304 1942 humum.—-
323 1913 373 1941 16.
394 1913 476 1941 Beue
491 1912 557 1941 haec
575 1912 613 1940 ad
628 1923 680 1941 su-

109 1958 325 1996 perstitionem
335 1958 444 1986 talium
454 1957 620 1987 hominum
633 1957 679 1986 dj-

111 2008 245 2039 cuntur,
267 2013 340 2031 cum
362 2002 482 2032 adversi
504 2003 621 2042 aliquid
642 2003 679 2031 iis

110 2047 232 2077 accidit.
250 2047 402 2077 Debuisse
417 2059 448 2077 se
460 2048 540 2078 hanc
556 2049 679 2077 calami·-

111 2100 205 2122 tatem
214 2094 386 2132 praevidere
399 2095 450 2129 ait,
462 2104 501 2122 ex
515 2093 680 2123 arboribus

111 2138 290 2178 frequenter
309 2139 440 2168 fulmine
462 2140 549 2168 tactis
569 2148 577 2168 2
595 2139 681 2179 quod

113 2191 158 2217 est
186 2185 267 2214 iuter
296 2192 425 2216 ostenta.
451 2186 488 2214 In
513 2185 681 2225 quercubus

730 857 900 895 ceterisque
914 856 1039 884 Servius
1057 856 1171 895 aliique
1189 856 1306 884 Gram-

731 903 835 931 malici
843 901 895 930 hic
907 908 1099 941 argutantur.
1114 902 1192 930 loeva
1205 912 1308 937 mens,

730 948 869 988 stupida,
882 946 982 976 tarda:
999 954 1034 975 ut
1046 948 1161 977 iterum
1174 950 1243 977 AEn.
1258 949 1305 983 11,

734 995 775 1029 54
805 994 832 1022 si
863 1004 950 1022 mens
981 1004 1044 1022 non
1079 994 1158 1022 Ioeva
1177 993 1306 1034 fuisset.

732 1042 839 1070 Horat.
853 1042 921 1069 Art.
938 1041 1013 1076 301,
1028 1041 1054 1068 O
1066 1051 1123 1080 ego
1138 1040 1231 1068 loevus
1245 1046 1306 1067 etc.

731 1093 838 1115 contra
873 1086 987 1114 dexter
998 1108 1005 1121 ,
1040 1086 1220 1126 ingeniosus
1238 1108 1245 1120 ‚
1277 1091 1308 1113 et

730 1131 904 1161 dexteritas
922 1148 967 1153 ——-
988 1142 1037 1170 19.
1054 1132 1113 1168 da,
1137 1131 1192 1160 ede
1204 1154 1211 1167 ,
1232 1130 1283 1159 dic
1294 1153 1302 1166 ,

728 1178 876 1214 edissere,
905 1184 940 1206 ut
965 1177 1091 1216 (ιι-εἶρε,
1118 1177 1206 1213 audi,
1234 1179 1302 1206 AEn.

730 1226 776 1261 II,
796 1225 848 1253 25.
874 1225 955 1252 Serv.
974 1225 1091 1253 Noteut
1107 1224 1139 1252 iu
1159 1225 1213 1259 iis,
1235 1233 1306 1261 quae

729 1277 921 1310 sequuntur,
942 1271 1058 1299 tirones
1074 1270 1183 1309 longas
1197 1279 1304 1297 narra-

730 1318 823 1345 tionis
840 1315 980 1355 ambages
995 1316 1125 1354 pastoris
1138 1315 1303 1354 imperitia}

730 1372 795 1390 non
812 1361 888 1390 male
908 1361 1142 1390 couvenientes,
1159 1360 1307 1389 Debebat

731 1417 853 1436 narrare
867 1429 874 1441 ‚
912 1418 942 1435 se
978 1406 1129 1435 libertatis
1163 1405 1307 1445 petendae

731 1463 834 1482 caussa
860 1455 992 1482 Romam
1015 1452 1133 1480 venisse
1148 1473 1156 1487 ‚
1184 1458 1214 1479 et
1233 1462 1307 1480 cum

730 1499 802 1531 hac.
821 1506 855 1527 ut
874 1504 942 1527 tuto
966 1508 1070 1537 greges
1086 1507 1212 1537 pascere
1233 1508 1305 1536 pos-

730 1552 789 1580 set,
816 1555 831 1572 a
860 1543 989 1572 domino
1014 1544 1194 1583 impetrasse
1206 1543 1218 1572 ⁷:
1236 1543 1304 1571 haec

730 1601 759 1620 v.
781 1592 821 1625 34
838 1596 1024 1629 sequuntur.

784 1648 793 1665 1
804 1636 832 1665 S.
853 1637 971 1664 Versus
980 1635 1031 1664 hic
1046 1646 1061 1663 a
1076 1634 1302 1663 vetustioribus

732 1682 794 1712 fere
808 1681 893 1711 abest
905 1691 911 1710 :
927 1683 1043 1719 ejectus
1061 1691 1187 1721 quoque
1199 1690 1215 1707 a
1225 1681 1307 1708 Nau-

732 1739 794 1769 ger.
819 1730 852 1757 in
882 1727 988 1757 Aldin.
1008 1734 1076 1756 tert.
1105 1733 1134 1755 et
1153 1727 1216 1762 jam
1234 1731 1306 1753 ante

734 1775 772 1803 ab
796 1776 903 1815 Eguat.
923 1773 1064 1803 Adsutus
1089 1779 1119 1800 et
1141 1770 1307 1799 adumbra-

734 1827 783 1849 tus
804 1831 842 1849 ex
864 1820 928 1849 Ecl.
948 1821 1013 1855 IX,
1041 1819 1089 1847 15.
1107 1818 1220 1847 Omisit
1247 1815 1304 1846 Ed.

734 1867 918 1896 Parmensis.

784 1923 834 1950 19.
850 1910 925 1950 Quis
934 1910 975 1939 sic
983 1916 1101 1949 septem
1119 1907 1209 1937 codd.
1223 1907 1308 1947 apud

734 1958 840 1985 Heius.
861 1963 921 1984 tres
934 1957 1042 1984 Burm.
1062 1964 1135 1982 cum
1147 1953 1243 1983 Goth.
1257 1964 1305 1992 pr.

781 2012 833 2031 20.
846 2001 934 2030 Adiit
943 2001 1072 2040 Tityrus
1079 2002 1224 2034 Romam,
1235 2009 1308 2027 cum

736 2047 806 2076 alias
835 2054 957 2076 tantum
983 2045 1020 2074 ad
1046 2046 1189 2074 vicinum
1217 2045 1308 2084 oppi-

735 2093 811 2122 dum
841 2102 1006 2121 excurrere
1037 2091 1160 2120 soleret.
1185 2108 1230 2112 -—
1251 2100 1306 2119 21.

734 2138 805 2167 huic
818 2146 946 2172 nostae,
964 2139 1104 2167 Mantuae
1113 2160 1121 2173 ,
1135 2147 1196 2176 quo
1210 2146 1307 2176 agnos

734 2195 822 2226 agere
836 2184 980 2215 solemus.
996 2183 1152 2224 depellere
1166 2182 1245 2212 sorte
1261 2183 1307 2211 ni-
