1408 2428
556 67 725 97 ECLOGA
752 68 808 97 Ill.
1245 71 1284 101 35

582 137 786 159 MENALCAS.

84 193 287 239 Nunquam
303 186 416 224 hodie
433 184 590 234 effugies
600 199 610 230 3
627 184 775 219 veniam
786 211 794 227 ,
811 196 1050 234 quocumque
1067 186 1224 223 vocaris.

83 250 224 286 Audiat
241 249 321 284 haec
335 255 479 283 tantum
490 273 499 290 ,
516 244 575 280 vel
591 244 656 292 qui
671 244 791 287 venit,
810 257 913 289 ecce,
931 245 1127 282 Palaemon.
1251 256 1282 279 50

84 310 253 346 Efficiam
271 307 447 358 posthac,
464 318 511 342 ne
525 317 753 354 quemquam
769 317 862 340 voce
876 305 1042 342 lacessas.

588 377 792 401 DAMOETAS.

87 428 189 474 Quin
207 440 274 476 age
286 454 296 472 ,
312 424 437 475 siquid
455 424 572 461 habes
583 451 593 469 ,
610 424 648 459 in
668 436 728 459 me
744 435 851 458 mora
865 435 941 459 non
957 424 1028 460 erit
1044 424 1136 471 ulla3

85 491 165 524 Nec
182 498 409 535 quemquam
426 485 528 533 fugio
546 498 553 518 :
571 491 738 528 tantum,
750 481 875 519 vicine
890 482 1093 528 Palaemon,

81 546 260 585 Sensibus
278 546 357 582 haec
372 545 475 590 imis,
492 557 550 580 res
566 551 620 580 est
634 555 710 578 non
724 554 860 592 parva,
876 554 1047 591 reponas.

588 615 784 640 PALAEMON,

77 666 202 703 Dicite
222 679 229 700 :
248 662 555 714 quandoquidem
575 662 613 698 in
629 662 734 699 molli
749 660 985 698 consedimus
1002 660 1120 697 herba
1128 675 1139 706 ;

75 729 122 762 Et
138 739 237 762 nunc
252 724 374 761 omnis
391 736 498 772 ager,
514 735 614 758 nunc
632 722 752 758 omnis
769 720 932 770 parturit
947 718 1076 764 arbos,

75 788 186 822 Nunc
207 783 381 820 frondent
396 783 515 826 silvae,
532 794 632 816 nunc
651 780 939 816 formosissimus
956 792 1084 815 annus.

75 844 222 892 Incipe,
240 845 428 886 Damoeta;
444 849 485 876 tu
501 839 637 875 deinde
653 852 809 887 sequere
820 866 829 882 ,
846 838 1030 873 Menalca.

74 902 237 940 Alternis
254 901 402 947 dicetis;
421 909 545 936 amant
562 900 703 935 alterna
718 899 913 934 Camoenae.

73 1043 199 1080 habeas;
213 1053 271 1073 nec
289 1052 370 1083 opus
385 1049 440 1078 est,
458 1049 494 1071 ut
511 1052 584 1082 (¹530,
595 1043 652 1071 etsi

73 1090 139 1119 duo
147 1089 261 1130 pocula
273 1096 304 1119 et
317 1090 383 1128 ipse
394 1088 505 1117 habeo.
519 1089 651 1117 alterum

73 1146 112 1164 ex
124 1137 162 1164 iis
171 1146 230 1176 pro
245 1135 415 1176 sponsione
428 1144 554 1174 ponam.
567 1134 652 1164 Scili-

72 1188 122 1211 cet
134 1183 291 1212 Damoetas
308 1187 433 1210 veretur
446 1191 484 1210 ne
492 1180 650 1210 Menalcas

67 1229 213 1265 juvencae
231 1227 320 1256 aliam
334 1227 385 1264 jux
394 1237 502 1256 eneam
512 1227 545 1256 in
555 1236 646 1265 spon—

69 1274 157 1302 sione
175 1283 336 1314 opponere
360 1279 501 1309 recuset,
518 1282 555 1301 eo
574 1282 646 1301 con-

68 1319 138 1348 silio
155 1341 163 1355 ‚
193 1326 229 1348 ut
257 1326 413 1348 certamen
444 1319 644 1370 propositum

69 1364 219 1404 effugiat:
235 1375 297 1404 qua
307 1365 488 1414 suspicione
497 1365 644 1393 incensus

69 1409 228 1439 Menalcas
253 1420 330 1439 mox
361 1410 481 1438 crimen
508 1409 543 1437 in
571 1417 644 1436 eum

66 1455 178 1484 vertit:
190 1456 364 1494 Nunquam
374 1453 468 1483 hodie
480 1453 624 1494 efficgies.

114 1515 166 1550 48.
186 1516 315 1553 Spectas
333 1515 475 1553 reposuit
489 1513 597 1542 Heius.
622 1524 638 1542 e

65 1559 245 1600 potioribus
261 1569 268 1588 :
281 1560 345 1597 jam
363 1559 490 1588 dederat
504 1559 578 1588 Ald.
589 1569 637 1598 pr.

67 1605 128 1636 Sed
156 1607 291 1645 Nauger.
323 1611 354 1633 et
386 1606 481 1633 ceteri
510 1612 638 1643 spectes.

68 1662 143 1681 mox
165 1662 226 1690 quo
241 1650 360 1690 pocula
381 1650 495 1678 laudas
513 1651 637 1690 Blenag.

68 1708 126 1727 cur
136 1696 255 1736 pocula
271 1695 382 1725 laudes
394 1698 475 1732 Ven.

115 1762 168 1796 49.
181 1758 354 1796 Nunquam
371 1755 466 1785 hodie
481 1755 616 1797 effigies
627 1768 638 1786 .-

68 1802 164 1832 verba
182 1813 197 1831 a
214 1803 323 1832 Naevio
343 1808 461 1831 mutata
476 1813 540 1832 esse
556 1802 640 1843 apud

69 1849 211 1877 Macrob.
229 1850 285 1884 VI,
307 1858 333 1885 1,
345 1849 501 1885 asseritur,
517 1859 549 1889 p.
563 1850 638 1886 576.

69 1912 112 1915 —
125 1894 257 1923 veniam
275 1904 471 1934 quocumque
486 1895 616 1924 vocaris
632 1905 639 1925 :

67 1938 155 1980 quod
177 1939 290 1979 vulgo,
311 1939 499 1969 descendere
517 1940 555 1969 ad
572 1952 640 1970 om-

68 1986 137 2022 nia,
153 1984 186 2014 h.
201 1984 222 2014 l.
239 1987 326 2014 omni
337 1984 518 2015 conditione
527 1996 641 2026 propo-

68 2032 126 2060 sita
135 2037 241 2060 tecum
251 2030 378 2060 certabo
393 2039 401 2059 2
414 2031 510 2060 modo
525 2031 641 2060 arbiter

69 2077 247 2107 certaminis
272 2076 366 2106 adsit!
378 2094 423 2098 —
441 2077 493 2106 50.
518 2076 643 2106 Audiat

68 2122 136 2152 haec
152 2123 270 2163 aliquis
283 2125 364 2153 Ven.
386 2129 418 2151 et
439 2121 577 2152 Parrha&
592 2140 637 2145 --

705 1041 860 1079 subjicere
875 1039 1002 1080 aliquis,
1016 1038 1068 1068 vel
1082 1048 1198 1068 nomen
1208 1050 1274 1080 pas-

705 1088 782 1116 toris
813 1087 944 1123 alicujus
956 1108 963 1121 ‚
981 1095 1117 1124 cumque
1137 1083 1272 1114 c'ircum-

704 1133 849 1173 spicienti
879 1142 910 1160 se
940 1131 1067 1160 offerret
1104 1131 1271 1167 Palaemon,

703 1179 761 1207 ‘vel
784 1177 834 1207 Ιιίε
860 1177 1043 1211 Palaemon,
1069 1178 1189 1216 inquit,
1215 1187 1272 1205 αιι-

703 1224 790 1259 diat,
811 1223 867 1264 qui
881 1234 951 1252 ecce
964 1222 1068 1252 venit.
1083 1223 1122 1251 cf.
1137 1222 1273 1253 Theocr.

699 1272 738 1306 V,
756 1270 809 1298 61.
827 1270 881 1298 62.
896 1269 990 1304 VIII,
1009 1269 1050 1297 25
1065 1279 1131 1307 sqq.

747 1329 799 1357 52.
821 1326 936 1367 Siquid
951 1325 1057 1355 habes.
1076 1325 1191 1354 Eadem
1209 1325 1271 1355 for-

699 1374 782 1401 mula
804 1372 869 1401 Ed.
894 1374 957 1407 lx,
981 1372 1033 1402 32.
1057 1373 1097 1407 V,
1128 1381 1178 1400 11.
1203 1372 1273 1400 Nee

697 1428 887 1458 quemqnam
915 1416 1029 1458 fugio,
1054 1416 1194 1455 judicem
1222 1427 1270 1447 rr:-

693 1474 779 1494 cuso.

741 1519 793 1547 55.
822 1516 1028 1547 consedimus
1051 1516 1161 1545 umbra
1188 1518 1268 1545 Ven,

693 1570 844 1604 perpetua
868 1563 1074 1592 librariorum
1102 1562 1270 1592 aberratio-

693 1620 743 1640 ne.

741 1663 793 1694 56.
806 1665 850 1706 Et
861 1673 946 1692 nunc
961 1662 1066 1692 omnis
1083 1673 1212 1703 ager—
1230 1673 1269 1692 ex

692 1712 791 1741 Bione
809 1709 902 1749 Idyll.
922 1711 984 1745 VI,
1014 1719 1051 1746 17
1072 1706 1149 1750 εἴαρι
1165 1706 1270 1737 πάντα

693 1755 758 1786 κύει
773 1778 782 1792 ,
813 1753 906 1785 πάντ’
943 1752 1041 1797 εἴαρος
1075 1751 1134 1783 άδέ
1123 1764 1157 1783 -α
1192 1752 1269 1791 βὶα·

694 1802 752 1838 ςεῖ.
765 1819 810 1824 -—
833 1802 885 1830 58.
902 1800 1062 1831 Theocrit.
1080 1801 1142 1835 lx,
1173 1810 1212 1836 ι,
1238 1810 1268 1828 2.

696 1850 785 1878 Prior
803 1847 840 1876 ad
864 1846 1053 1876 cantandum
1070 1845 1194 1885 prodit,
1214 1845 1270 1884 qui

695 1900 887 1934 provocatus
915 1898 989 1921 erat.
999 1909 1044 1913 —-
1058 1892 1110 1930 59.
1141 1889 1272 1920 Alter-ni

697 1939 841 1979 qnidam,
864 1945 894 1967 et
913 1938 1005 1967 etiam
1020 1937 1081 1966 hoc
1102 1936 1193 1966 bene.
1210 1936 1268 1966 Al-

695 1984 809 2021 ternis,
833 1980 873 2013 32*
908 1980 1101 2025 ἀμαξάων,
1132 1983 1267 2013 ΤΙιεοοτ.

693 2032 787 2068 VIII,
799 2031 818 2059 6
827 2041 838 2059 1
849 2054 856 2060 .
865 2032 990 2059 Amant
999 2030 1125 2059 alterna
1144 2029 1267 2058 Camoe-

694 2087 763 2113 nae;
779 2084 891 2106 notum
902 2077 1032 2106 Homeri
1046 2075 1134 2105 Iliad.
1151 2085 1183 2111 α,
1200 2074 1265 2108 604

692 2121 844 2153 Μουσάων
863 2123 900 2159 θ’,
922 2121 955 2152 αἳ
979 2117 1082 2151 ἄειδον
1099 2117 1266 2163 ἀμειὲόμε-

56 2168 192 2202 -Afldiat
217 2168 283 2198 lca-c
311 2176 434 2199 tantum
452 2186 498 2191 —
512 2168 638 2199 volebat
689 2178 738 2198 ναι
749 2166 802 2200 ἐπὶ
815 2171 928 2209 καλῇς
938 2169 959 2200 f.
975 2169 1040 2199 Ecl.
1054 2170 1133 2205 VII,
1148 2167 1198 2196 18.
1215 2176 1265 2206 ¹9³
