1377 2428
530 118 652 148 LIBER
676 120 733 149 IV.

1168 125 1227 153 *201

38 181 131 216 Nam
149 190 223 227 qua
239 176 361 213 Pellaei
376 189 464 226 gens
481 176 672 214 fortunata
687 177 831 227 Canopi

37 237 188 274 Adcolit
204 237 325 273 effuso
345 245 577 286 stagnantem
592 237 746 274 ssumine
764 237 910 282 Nilum,

38 301 84 334 Et
105 297 246 333 circum
266 296 375 346 pictis
390 296 542 333 vehitur
561 310 627 334 sua
648 310 739 333 rura
759 297 900 342 faselis;

39 361 199 407 Quaque
218 357 445 406 pharetratae
463 357 601 394 vicinia
617 357 779 395 Persidis
796 365 924 407 urget,

38 488 122 528 apud
137 495 267 518 matrem
286 500 359 518 cum
377 489 478 526 iisset,
500 489 538 518 ab
551 489 610 519 hac

37 546 222 575 responsum
247 536 383 575 accepit,
408 537 554 564 Proteum
576 538 611 566 in

37 581 161 610 Pallene
194 583 256 621 392
287 581 326 611 de
352 591 458 610 caussa
485 581 558 610 mali
581 588 612 610 et

37 627 157 656 medela
182 638 246 657 esse
271 627 509 657 consulendum.
534 627 612 658 Adit

34 674 160 710 juvenis
175 676 334 711 Proteum,
355 685 394 703 ex
409 684 510 714 eoque
526 674 613 703 audit

36 718 121 748 luem
143 721 311 749 immissam
334 731 398 750 esse
419 721 486 758 ejus
502 721 612 760 apibus

36 772 168 805 propter
186 773 335 795 tentatam
357 766 396 795 ab
421 777 458 795 eo
477 767 612 807 Eurydi-

37 822 104 840 cem
115 834 122 848 ‚
142 812 262 852 Orphei
277 814 464 852 conjugemg
484 814 612 852 expian-

37 857 115 886 dum
130 868 195 887 esse
210 858 363 899 flagitium
382 866 411 887 et
429 859 612 898 placandam

36 904 260 943 Nympharum
266 906 354 934 iram.
365 907 446 934 Tlun
460 906 612 935 Aristaeus

35 951 70 979 in
77 950 267 980 Thessaliam
273 951 374 980 redux
381 962 503 980 sacrum
512 958 611 992 parat,

37 1006 129 1025 caesas
140 997 295 1037 Nymphis
305 999 447 1027 victimas
458 998 492 1026 in
502 1009 610 1027 nemo-

37 1053 70 1071 re
94 1043 216 1071 relictas
238 1044 344 1083 paullo
368 1050 439 1083 post
461 1045 610 1081 revisens,

37 1099 131 1128 apum
144 1091 287 1119 examina
297 1100 337 1120 ex
351 1101 363 1119 x
372 1089 524 1119 isceribus
538 1101 611 1130 pro-

35 1141 126 1175 gnata
143 1135 240 1166 videt.

84 1181 161 1219 287.
183 1183 270 1211 Nam
289 1193 385 1222 quam
405 1182 522 1213 Medic.
540 1194 612 1222 quoe

38 1227 122 1258 Gud.
140 1227 257 1263 Pellei,
275 1228 381 1262 Pelei,
401 1228 512 1263 Palei,
531 1239 611 1258 nou-

31 1273 128 1303 1111111.
155 1273 257 1303 Penei
276 1275 388 1303 Franc.
416 1276 469 1303 Est
485 1273 613 1311 Πέλλα,

38 1317 198 1353 Πέλλαῖῦς.
218 1336 263 1341 ——
284 1320 476 1359 287—293.
501 1321 540 1349 H.
555 1331 612 1360 per

38 1371 135 1395 totam
177 1368 359 1406 AEgyptum.
398 1367 612 1406 Interpretum

37 1418 235 1440 aestuanuum
263 1418 394 1440 conatus
420 1421 610 1441 commemo-

36 1457 161 1491 rarelnil
171 1458 290 1487 attinet.
300 1456 470 1486 Videamus
478 1459 611 1498 singula.

40 1503 125 1532 Gens
131 1503 310 1543 fortunata,
324 1514 340 1532 a
352 1510 442 1532 terrae
451 1504 608 1540 felicitate,

38 1560 93 1579 seu
103 1550 260 1579 fertilitate
269 1560 309 1578 ex
318 1550 383 1580 Nili
398 1551 610 1581 incrementis.

41 1593 516 1636 Can0p115,5Kd*tmss0;‚AEgypti
523 1596 610 1634 urbs,

38 1652 105 1671 non
126 1643 219 1682 longe
238 1642 276 1671 ab
297 1642 505 1679 Alexandria;
521 1653 610 1682 quae,

38 1687 124 1727 quod
138 1689 202 1726 jam
217 1689 386 1725 Martinus,
401 1690 451 1717 111-
465 1689 612 1730 elegantis

35 1733 158 1773 judicii,
166 1734 255 1771 vidit,
263 1735 490 1764 occidentalem
498 1738 613 1776 AEgyp-

37 1781 62 1809 ti
77 1788 197 1820 partem
216 1781 377 1822 designat(
391 1788 436 1811 est
451 1783 536 1811 enim
554 1782 611 1812 Ca-

38 1827 192 1866 nopicum
205 1828 345 1867 primum
365 1828 405 1858 ab
425 1828 614 1858 occidentali

38 1873 134 1902 latere
143 1873 209 1904 Nili
222 1875 338 1903 ostium
350 1873 373 1914 );
383 1874 468 1903 unde
484 1874 611 1905 AEschil.

39 1919 75 1948 in
96 1918 255 1949 Prometh.
280 1930 311 1949 v.
330 1921 395 1955 845
413 1918 490 1950 ἔστιν
504 1918 611 1959 πόλις,

0 1987 1 1991 ,
40 1963 206 2003 Κάνωβος,
238 1962 353 2004 ἐσχάτη
385 1964 499 2004 χθινός.
540 1967 613 1996 Pel-

40 2007 134 2041 Ιῖειιιη
146 2034 154 2046 ,
170 2010 204 2041 11.
234 2011 478 2041 Macedonicum
490 2035 498 2048 ‚
517 2023 533 2042 a
555 2023 613 2043 no-

39 2057 98 2087 bili
113 2056 309 2087 Macedoniae
323 2057 402 2086 urbe
418 2059 517 2096 Pella,
529 2058 615 2089 unde

41 2103 237 2133 Alexander
249 2103 395 2133 Pellaeus.
410 2105 459 2133 Ex
477 2115 541 2144 quo
563 2115 615 2134 au-

41 2156 105 2179 tem
126 2156 268 2189 tempore
288 2149 478 2180 Macedones
498 2153 616 2192 AEgyp-

42 2201 111 2224 tum
144 2196 321 2233 obtinuere,
354 2207 370 2226 a
398 2196 524 2237 regibus
550 2199 618 2238 ipsa

43 2247 123 2272 terra
144 2242 370 2282 Macedonica,
395 2243 474 2273 adeo
498 2244 618 2275 etpa-

1181 359 1229 398 29⁰

664 489 745 525 Ioea,
766 488 916 529 appellari
934 488 1050 528 potuit.
1070 489 1233 528 Stagnan-

664 543 726 565 tem
743 546 801 576 pro
823 535 991 564 inundanti
1007 534 1090 563 dixit
1109 535 1236 574 poetico

664 592 725 610 usu
742 592 749 611 z
773 583 817 610 sic
836 583 954 611 Lucan.
976 583 1024 617 ΙΙ,
1048 586 1110 618 [417
1128 580 1165 609 de
1185 591 1236 610 eo—

664 626 735 656 dem
757 627 832 657 Nilo
851 644 895 649 --
912 638 975 668 per
994 627 1127 665 Libycas
1142 626 1237 656 ss'ilns

663 681 829 714 stagnaret
853 684 980 703 arenas.
1001 673 1074 702 Alia
1098 672 1162 702 vid.
1188 683 1236 712 ap.

666 719 757 750 Cerd.
768 721 807 748 Et
822 730 895 748 sane
905 718 1151 761 effsitsoflumine
1161 726 1238 759 stag-

665 772 717 795 nat
727 776 806 805 aqua
819 766 854 794 in
866 766 944 794 locis
960 766 1087 802 vicinis,
1103 766 1159 794 etsi
1168 766 1238 804 ipso

665 812 753 841 alveo
763 822 841 852 aqua
852 812 1057 841 concitatiore
1073 821 1169 840 cursu
1182 811 1239 839 fer-

666 865 726 888 tur.
745 858 842 887 Pictis
846 857 982 898 faselis,
1000 857 1149 898 pulchre3
1166 867 1238 886 nam

665 903 726 934 hoc
747 905 914 944 proprium
933 910 978 932 est
1000 904 1239 944 AEgypfiorum,

665 949 930 990 quemadmodum
943 961 982 978 ex
991 950 1127 979 Diodor.
1138 949 1194 979 lib.
1204 951 1219 978 Ι
1231 972 1239 985 ,

666 997 706 1036 98
719 1019 726 1033 ,
745 1004 776 1026 et
792 995 956 1026 Herodoto
972 998 1018 1034 ΙΙ,
1037 997 1092 1036 96,
1108 1007 1148 1035 97
1168 997 1241 1025 satis

666 1050 788 1073 constat
798 1066 806 1081 ,
832 1050 870 1072 ut
906 1050 992 1072 certo
1022 1054 1075 1072 nm
1084 1042 1241 1072 icularum

664 1100 787 1129 genere,
800 1089 892 1119 Baris
905 1100 1020 1119 nomen
1035 1096 1110 1125 erat,
1120 1099 1176 1128 per
1186 1089 1242 1119 Ni-

663 1136 731 1165 lum
747 1136 971 1166 discurrerent.
986 1153 1032 1157 —-
1044 1141 1239 1175 290—294.

664 1182 804 1211 Presidis
819 1183 916 1213 Goth.
933 1194 981 1222 pr.
992 1199 1039 1205 ·-—
1051 1181 1167 1210 Vicina
1178 1184 1240 1210 Pa-

664 1227 804 1266 tlzyridos
815 1229 929 1259 Clerici
936 1230 1128 1267 conjectura,
1139 1229 1242 1257 aBur-

664 1284 781 1303 manno
797 1275 870 1304 satis
886 1275 996 1303 acerbe
1010 1275 1149 1314 explosa.
1168 1276 1242 1304 Pos-

664 1320 727 1348 sint
748 1320 843 1358 hujus
867 1322 988 1360 generis
1007 1321 1097 1360 plura
1114 1321 1239 1358 conjec-

665 1367 740 1403 tari3
764 1373 801 1395 ut
820 1366 934 1395 vicina
959 1366 1171 1406 Papremz'dis,
1191 1367 1242 1395 vel

665 1411 857 1452 ProsopidiS.
878 1413 946 1443 Nisi
963 1412 1122 1442 ‘vicinium
1146 1412 1241 1442 habe-

665 1465 763 1495 retur,
777 1459 885 1488 liceret
897 1458 1036 1501 cotfim'a
1053 1460 1240 1497 conjectare.

665 1506 735 1533 Hoc
745 1505 850 1544 ipsum
858 1516 947 1534 nunc
959 1505 1050 1535 video
1063 1505 1243 1535 Bentleium

666 1551 854 1589 conjectasse
868 1551 906 1580 ad
916 1553 1032 1581 Lucan.
1048 1553 1095 1589 ΙΙ,
1109 1552 1185 1587 435.
1197 1569 1243 1574 —-

668 1599 801 1637 Quaque
825 1597 951 1627 vicinia
973 1597 1112 1628 Persidis
1134 1605 1239 1638 urget,

664 1643 697 1673 h.
715 1644 753 1672 ab
764 1654 798 1673 ea
806 1651 904 1684 parte,
915 1655 975 1684 qua
989 1647 1126 1685 AEgypto
1143 1645 1244 1674 Persis

666 1692 862 1720 contermina
879 1697 941 1727 est3
958 1700 1029 1730 quae
1045 1691 1149 1719 vicina
1167 1696 1244 1719 sunt

666 1747 701 1765 ac
717 1738 876 1777 contigua,
895 1738 1019 1776 poetica
1034 1737 1175 1766 oratione
1195 1746 1244 1765 ur-

663 1791 753 1824 gent.
772 1783 880 1813 Solent
905 1789 1040 1820 veteres,
1058 1783 1158 1812 multo
1178 1792 1242 1811 ma-

665 1830 711 1870 gis
732 1836 853 1869 poetae,
875 1828 954 1858 fines
976 1840 1057 1869 saepe
1080 1839 1146 1858 11011
1170 1829 1242 1858 satis

665 1875 825 1905 subtiliter
842 1886 881 1905 ex
892 1876 1099 1916 geographica
1108 1876 1241 1911 ratione,

666 1921 838 1962 designare.
853 1923 971 1962 Nysam
988 1922 1026 1950 ad
1049 1922 1158 1952 Nilum
1179 1921 1244 1950 col-

666 1968 800 1997 locatam
815 1967 903 1997 vides
927 1979 968 1996 ex
990 1979 1084 1998 verss.
1102 1970 1243 1997 Homero

667 2014 795 2043 tributis
809 2025 859 2054 ap.
874 2014 1007 2044 Diodor.
1024 2016 1082 2051 ΙΙΙ,
1099 2014 1153 2043 66.
1168 2016 1244 2042 Per—

667 2060 719 2096 sis,
740 2059 772 2090 h.
794 2061 815 2091 l.
838 2071 897 2100 pro
920 2062 1054 2102 imperio
1077 2059 1243 2096 Parthico,

668 2113 705 2136 ut
723 2108 787 2145 jam
802 2108 909 2138 Burm.
925 2108 1062 2147 aceepit,
1081 2116 1169 2136 more
1183 2105 1244 2135 sol-

667 2153 756 2182 lenni
771 2155 988 2183 Romanorum
1003 2160 1185 2194 poetarum3
1200 2153 1245 2181 sic

669 2199 782 2228 Medus
812 2200 979 2240 Hydaspes
1005 2211 1036 2230 v.
1062 2210 1100 2229 21
1111 2210 1143 2237 1;
1167 2199 1244 2228 hinc

670 2251 701 2275 et
715 2245 925 2286 pharetrata,
951 2246 1038 2287 quod
1063 2246 1101 2276 de
1124 2244 1246 2277 Parthis

1017 2307 1086 2351 34*
