1377 2428
535 79 655 109 LIBER
680 78 737 108 IV.

1180 76 1243 113 399

49 143 184 177 Fecere
200 139 390 188 agricolae,
407 137 523 175 facilis
540 136 796 188 quaerentibus
814 135 945 172 herba.

47 202 218 248 Namque
237 211 313 235 uno
330 199 517 248 ingentem
534 199 630 235 tollit
647 198 694 234 de
710 196 850 246 cespite
867 196 997 233 silvam
1008 223 1017 239 ‚

46 261 194 295 Aureus
211 259 308 309 ipse3
332 258 397 296 sed
414 259 453 294 in
473 258 589 301 foliis,
609 271 693 307 quae
710 257 873 307 plurima
889 256 1031 293 circuni

46 319 290 365 Funduntur‚
306 320 414 356 violae
430 318 603 356 sublucet
621 331 792 368 purpura
813 317 942 367 nigrae.
1195 324 1241 355 273

46 382 153 429 Saepe
170 380 280 416 deum
296 381 401 416 nexis
421 388 560 416 ornatae
581 378 781 427 torquibus
802 391 893 424 περς

45 443 166 490 Asper
185 441 223 476 in
243 454 308 477 ore
328 440 592 490 sapor.Tonsis
610 440 648 475 in
669 438 829 475 vallibus
850 438 957 474 illum

45 503 216 537 Pastores
232 510 268 537 et
284 514 400 537 curva
415 489 542 550 legunt
559 512 678 550 prope
698 499 853 534 flumina
872 498 1007 535 Mellae.

46 560 166 607 Hujus
186 561 345 597 odorato
363 560 508 597 radices
525 560 686 609 incoque
704 558 872 604 Baccho,

46 685 108 715 hoc
120 708 127 722 ‚
146 686 297 716 amellam
314 697 378 716 esse
392 695 525 717 asterem
543 686 615 716 acci-

43 742 113 761 cum
130 733 298 762 caernleum
318 734 486 774 vulgarem
504 732 615 773 (nobis

42 786 129 807 aster
138 779 187 808 vel
200 780 347 817 amelley;
356 790 450 819 quem
464 780 497 808 in
508 780 595 809 Italia
604 803 612 817 ,

41 825 165 861 Sicilia,
183 832 214 854 et
228 825 328 854 Gallia
345 825 544 855 Narbonensi
564 827 613 855 in-

41 870 135 900 cultis
154 878 184 900 et
200 872 314 911 asperis
331 872 529 901 convallibus
544 883 613 912 pas-

40 918 98 945 sim
125 919 212 946 nasci
238 919 333 955 Rajus
358 924 507 954 testatur3
527 918 611 947 unde

31 962 146 1003 fizcilz's
171 963 382 1003 quoerentibus
404 963 510 993 herba.
537 965 611 1001 Ejus

38 1009 172 1040 formam
200 1009 316 1040 excudi
347 1011 470 1038 curavit
501 1011 611 1039 Marti-

37 1065 109 1085 nus.
133 1059 256 1096 Pugnat
271 1062 375 1085 tamen
394 1066 454 1095 pro
470 1055 612 1085 meliloto

37 1101 116 1131 flore
141 1102 230 1132 luteo
257 1101 398 1142 (trifolio
421 1111 454 1132 n.
483 1102 501 1130 5
527 1102 611 1141 apud

37 1148 128 1177 Linn.
150 1147 161 1188 )
186 1148 311 1179 Wedel.
349 1149 487 1178 Exercit.
527 1148 608 1179 med.

37 1193 149 1232 philol.
166 1191 257 1223 Ceut.
277 1192 306 1229 3,
318 1193 430 1223 Exere.
443 1192 461 1223 5
474 1203 481 1230 ;
496 1198 526 1222 et
535 1205 609 1234 pro-

33 1237 143 1268 fitetur
179 1239 246 1278 ipse
273 1239 456 1269 Hoffmann.
486 1247 608 1279 noster,

33 1284 195 1313 botanices
209 1285 325 1314 arbiter
340 1284 424 1315 haud
435 1285 531 1315 dubie
541 1287 610 1317 ido-

32 1341 122 1367 neu5‚
140 1341 206 1360 non
224 1332 328 1360 onmia
340 1353 347 1367 ‚
366 1342 436 1371 quae
451 1333 485 1361 in
504 1334 608 1373 Virgi-

32 1376 76 1406 lio
104 1384 339 1413 memorantur,
366 1379 457 1407 asteri
494 1380 607 1410 amello

33 1423 247 1462 respondere:
268 1435 298 1453 v.
329 1425 445 1454 Virum
478 1425 604 1457 doctiss.

31 1469 65 1498 iu
100 1470 244 1498 Asterem
276 1471 369 1499 Horti
401 1471 601 1512 Gottingens.

32 1515 156 1544 Decade
190 1517 302 1555 prima.
334 1515 346 1557 (
366 1516 406 1546 cf.
425 1518 512 1547 Gott.
532 1518 600 1549 Gel.

31 1562 113 1591 Anz.
136 1562 232 1597 1800,
252 1573 282 1602 p.
306 1562 604 1603 1321.)Verecun-

30 1606 100 1636 dius
115 1609 221 1647 itaque
234 1609 268 1644 ii,
286 1609 342 1648 qui
357 1610 411 1637 vix
426 1611 536 1649 primis
557 1611 602 1639 la-

30 1652 90 1682 hijs
105 1653 167 1683 hoc
183 1654 363 1694 plantarum
378 1656 521 1685 studium
534 1658 604 1686 atti-

28 1699 204 1739 geruntjin
222 1702 461 1740 pronuntiando
487 1703 525 1732 de
541 1702 603 1732 hoc

29 1755 136 1774 rerum
158 1757 271 1786 genere
291 1757 356 1776 esse
370 1748 538 1778 debebant.
557 1767 604 1772 -—-

32 1792 109 1829 273.
127 1794 278 1833 Namque
303 1793 366 1822 imo
390 1795 512 1834 aliquot
534 1797 602 1825 Pie-

29 1838 129 1874 riani,
146 1839 256 1869 Franc.
275 1846 306 1868 et
330 1839 377 1870 ed.
398 1843 430 1870 P.
446 1843 528 1871 Dan.
545 1843 602 1870 Ba-

29 1883 77 1913 sil.
103 1890 134 1912 et
161 1884 220 1921 aL,
238 1886 314 1914 item
340 1886 437 1916 Goth.
468 1898 516 1926 pr.
538 1888 602 1918 Erf.

30 1939 113 1958 uuus
132 1930 238 1961 Mead.
256 1938 287 1960 et
313 1931 385 1962 edd.
402 1939 491 1969 vett„
510 1934 604 1963 etiam

27 1976 162 2015 Egnat.;
190 1983 221 2005 et
247 1977 395 2016 probavit
423 1980 532 2009 Heins.
564 1980 604 2009 ad

29 2014 124 2051 Ovid.
138 2024 196 2062 Ep.
211 2024 286 2059 XX,
305 2029 343 2059 41
359 2034 366 2060 ;
380 2023 524 2054 fluxitex
533 2036 604 2065 per-

27 2074 123 2107 petua
142 2069 303 2109 yarietate.
320 2071 425 2108 Major
446 2071 604 2102 librorum

28 2114 198 2143 auctoritas
218 2125 278 2154 pro
292 2126 371 2151 ιιηο,
388 2117 481 2146 etiam
494 2119 538 2146 sie
553 2119 602 2147 in-

30 2158 68 2188 de
89 2160 127 2190 ab
144 2160 240 2190 Aldd.
264 2161 394 2193 editum.
409 2164 459 2192 De
483 2163 603 2194 vertice

27 2213 103 2237 vett.
125 2207 210 2247 apud
232 2209 382 2239 Pierium.
401 2226 447 2233 --
468 2211 537 2240 Uno
563 2210 603 2240 de

669 685 803 725 cespite,
826 695 881 714 seu
903 695 970 714 uno
993 684 1168 723 eodemque
1184 685 1241 713 soli

668 732 751 768 loco,
767 742 821 761 seu
847 741 909 760 una
934 731 1104 770 eademque
1126 730 1242 765 radice,

668 779 715 806 uti
741 779 873 817 exponit
896 777 1129 818 philargyrius,
1148 787 1243 816 quem

668 825 812 863 sequitur
836 825 1005 859 Mardum,
1020 830 1057 852 ut
1074 833 1179 862 cespes
1203 824 1260 852 sit·

666 870 757 899 radix
775 871 945 910 cespitosa‚
965 880 1021 898 seu
1046 868 1137 898 radix
1152 868 1242 898 fibris

665 916 749 945 inter
773 926 804 944 se
825 917 859 944 in
885 917 1010 955 cespitis
1034 915 1166 944 modum
1184 916 1241 944 im-

664 962 768 1000 plexa.
783 979 831 984 —
843 968 907 999 274
919 983 927 998 ,
944 963 1020 999 275.
1038 962 1129 991 Flore
1145 961 1240 999 flavo,

664 1007 748 1036 foliis
772 1010 942 1048 purpureis
961 1008 1102 1038 violaceo
1122 1009 1239 1039 colore.

664 1055 797 1091 —275.
815 1054 1001 1083 Fundentur
1022 1053 1108 1083 Leid.
1126 1053 1239 1083 Edun-

665 1107 716 1128 tur
728 1099 914 1137 Zulichem.,
926 1110 1002 1129 mox
1010 1100 1175 1129 sublucent
1182 1112 1237 1141 qu.

664 1147 780 1177 Moret.
803 1146 899 1176 Goth.
916 1157 965 1187 pr.
988 1147 1166 1176 Succumbit
1178 1149 1237 1177 Zu-

663 1190 788 1223 lichem.
806 1208 852 1215 —-
864 1192 941 1230 276.
960 1187 1068 1223 Solent
1092 1202 1151 1222 arae
1176 1193 1239 1223 ser-

664 1239 703 1267 tis
716 1249 756 1268 ex
772 1239 834 1268 hoc
851 1239 963 1268 amello
980 1240 1070 1268 nexis
1080 1238 1237 1279 (fescons)

664 1286 782 1315 ornari.
810 1303 856 1308 --
868 1296 944 1322 277.
965 1285 1077 1314 Tomis
1091 1285 1123 1315 in
1137 1287 1238 1316 'valli-

663 1331 739 1367 bus,
763 1342 840 1371 quas
867 1331 1004 1372 pecudes
1032 1331 1166 1361 tondent
1184 1333 1236 1373 (v.

664 1378 721 1407 Ge.
736 1379 761 1413 Ι,
782 1378 820 1407 15
837 1385 868 1407 et
883 1378 954 1417 al.);
972 1389 1044 1407 uam
1058 1386 1237 1418 sequuntur

654 1431 802 1463 pastores
810 1425 866 1463 qui
875 1425 958 1453 inter
965 1424 1158 1464 pascendum
1165 1425 1234 1454 her-

660 1470 732 1499 bam
758 1470 922 1511 colligunt.
941 1471 1076 1509 ——278.
1101 1471 1235 1501 Incurva
1267 1468 1269 1474 ⁸

656 1515 668 1558 (
680 1518 809 1557 Foggin.
825 1528 864 1546 en
882 1516 996 1557 curva)
1013 1517 1132 1548 Medic.
1150 1528 1167 1547 a
1190 1529 1232 1548 m.

656 1573 717 1602 plu,
726 1570 757 1592 et
772 1563 886 1603 probat
899 1565 1008 1593 Heius.
1020 1564 1234 1606 Perstamina

656 1611 830 1646 Romanus,
843 1610 930 1649 quod
945 1609 1115 1640 admodum
1132 1610 1234 1650 place-

657 1654 712 1684 hat
731 1657 926 1686 Burmanuo.
951 1657 1090 1686 Amellce
1114 1656 1232 1688 Medic.

658 1712 675 1730 a
692 1713 734 1732 m.
755 1712 816 1731 sec.
829 1713 911 1731 unus
928 1702 1084 1732 Arundel.
1102 1710 1133 1732 et
1152 1704 1233 1733 Can-

657 1748 770 1787 tahrig.
785 1771 793 1784 ‚
811 1748 901 1778 male.
925 1766 970 1770 —
985 1749 1098 1778 Mella.
1114 1748 1233 1778 Brixia

656 1811 703 1817 ——-
724 1795 838 1824 Flavus
862 1805 958 1834 quam
983 1794 1075 1824 molli
1092 1805 1232 1834 praecur-

657 1840 852 1883 ricflumine
870 1841 972 1870 Mella
991 1840 1105 1871 Catuli.
1126 1843 1232 1872 LXIII

658 1886 720 1927 (67
736 1887 766 1927 )‚
798 1888 852 1916 33.
878 1887 1028 1916 Fluvium
1055 1888 1161 1926 itaque
1191 1898 1232 1917 ex

658 1933 773 1962 vicinia
805 1933 871 1972 agri
911 1934 1079 1962 Mantuani
1112 1943 1231 1963 memo-

658 1986 761 2008 ratum
774 1978 872 2008 vides.
891 1989 921 2008 v.
937 1979 1084 2019 Capreoli
1105 1979 1144 2008 de
1161 1980 1230 2010 reb.

657 2026 743 2054 Brix.
760 2035 792 2064 p.
808 2035 839 2064 9,
849 2031 925 2054 tom.
936 2025 1090 2055 ult.Thes.
1102 2026 1230 2066 Scriptt.

657 2071 727 2100 Ital.
758 2088 804 2093 -
817 2081 893 2110 279.
922 2071 1062 2100 Odorato
1087 2070 1227 2108 Baccho,

657 2118 759 2157 simpl.
775 2114 952 2159 ἀνθοσμίαν,
967 2116 1104 2160 εὔοσμον,
1117 2113 1230 2155 εὐώδη,

656 2170 692 2192 ut
707 2163 841 2194 Theocr.
859 2165 949 2200 XIV,
971 2164 1022 2201 16,
1037 2163 1173 2193 odorum
1186 2165 1232 2193 vi-

655 2220 751 2248 num,
769 2209 910 2251 adeoque
927 2221 1126 2252 generosum,
1140 2211 1233 2240 iutel-
