1408 2428
606 81 726 111 LIBER
750 81 775 110 I.

103 144 182 178 Nec
200 140 400 177 Pelusiacae
420 149 550 175 curam
570 138 847 188 adspernabere
868 138 976 175 lentis
993 154 1003 185 3

105 202 216 239 Haud
235 200 396 238 obscura
415 199 550 236 cadens
569 199 692 236 mittet
711 199 781 235 tibi
801 199 905 249 signa
924 202 1071 236 Bootes.

105 263 252 313 Incipe,
273 271 309 298 et
324 261 370 298 ad
389 260 531 297 medias
550 268 753 296 sementem
773 259 932 297 extende
952 261 1116 309 pruinas.
1247 267 1293 290 230

160 320 307 359 Idcirco
327 320 437 356 certiS
458 319 668 355 dimensum
683 319 856 368 partibus
875 319 1007 356 orbem

107 385 177 419 Per
196 381 369 418 duodena
388 379 484 429 regit
503 378 635 415 mundi
655 379 720 414 Sol
740 392 876 415 aureus
897 388 1007 415 astra.

108 440 283 488 Quinque
303 448 430 475 tenent
449 438 583 474 coelum
601 450 705 474 zonae
717 464 727 482 ‚
746 450 907 487 quarum
927 450 1002 473 una
1020 450 1178 473 corusco

111 504 266 549 Semper
282 499 359 535 sole
378 497 536 543 rubens,
558 507 594 534 et
611 497 754 534 torrida
773 510 921 546 semper
941 496 988 533 ab
1008 497 1103 546 igni5

110 562 233 604 Quam
252 558 393 594 circum
413 566 590 593 extremae
610 557 742 593 dextra
763 556 932 605 laevaque
949 557 1168 601 trahuntur,

110 692 155 698 -
166 675 244 706 228.
254 673 362 704 Lentis
376 684 485 714 magua
498 675 675 714 praestantia

110 728 141 750 et
154 722 244 760 copia
256 720 340 759 apud
354 720 533 760 AEgypti053
550 731 579 749 v.
593 720 673 750 Plin.

109 768 238 802 XVIII,
266 767 324 802 313
347 766 444 805 igitur
469 765 609 805 epitheto
636 766 675 794 ab

110 813 239 853 AEgypti
253 811 332 840 urbe
347 812 446 850 petito
468 818 610 840 ornatur.
629 828 675 834 —·

113 868 189 897 229.
206 860 335 892 Bootes,
362 857 418 896 qui
438 862 468 884 et
491 856 675 896 A1ctophy-

110 903 174 940 lax,
192 913 264 932 cum
278 902 366 931 steua
384 903 543 937 Arcturo,
562 912 676 931 occasu

82 953 87 965 ³
111 959 170 978 suo
179 955 301 988 tempus
310 946 448 977 serendae
461 958 478 975 v
482 948 550 976 iciae
559 958 575 975 ι
578 958 611 976 er
612 955 676 976 tum

112 994 239 1024 indicat.
251 993 376 1024 Colum.
386 994 445 1030 XI,
459 1003 491 1030 2,
500 993 600 1030 7811
608 994 676 1024 Cal

113 1042 193 1071 Νον.
220 1041 370 1070 Arcturus
391 1049 523 1078 vespere
541 1039 676 1075 occulit,-

113 1094 144 1116 et
158 1087 237 1117 Plin.
247 1087 370 1123 XVIII,
389 1091 430 1123 74
442 1084 549 1114 Pridie
565 1085 679 1115 Calen-

113 1133 172 1162 das
185 1130 420 1173 (Novembres)
434 1131 554 1160 Caesari
564 1134 677 1161 Arctu-

113 1189 165 1208 rus
178 1177 300 1208 occidit.
315 1179 434 1217 Quarto
445 1179 557 1207 Nonas
568 1179 679 1207 Arctu-

114 1235 167 1254 rus
181 1223 296 1254 occidit
309 1224 452 1263 vesperi,
468 1223 549 1252 Vide
560 1223 598 1253 de
612 1224 679 1257 lelc-

114 1270 153 1301 tz's
170 1271 289 1300 satione
305 1270 430 1300 Colum.
447 1269 503 1299 lib.
523 1271 565 1306 II,
584 1280 610 1300 e.
628 1281 679 1307 10,

114 1316 135 1357 S
163 1317 221 1354 15,
244 1323 275 1346 et
298 1316 377 1346 Plin.
395 1317 520 1353 XVIII,
546 1317 584 1345 31
607 1326 681 1346 cum

115 1362 278 1392 Emendat.
301 1361 398 1391 Hard.
427 1363 502 1391 XII.
525 1362 680 1391 Palladius

116 1410 180 1437 XII
191 1431 199 1445 ,
220 1419 248 1445 1,
269 1418 283 1436 1
302 1407 525 1437 Novembri—
539 1418 623 1437 manc
637 1419 683 1437 se-

117 1453 194 1482 ritur
213 1453 322 1494 prima
354 1452 517 1482 lenticula.
541 1470 588 1476 -—-
618 1455 686 1484 Aac

119 1499 215 1529 Goth.
225 1509 335 1529 see.-—
342 1498 438 1528 mittit
446 1498 562 1529 Medic.
574 1499 682 1540 fragm.

117 1547 208 1575 Voss.
215 1547 297 1575 Ven.
309 1544 415 1574 mittat
423 1546 597 1585 Menag.-
607 1556 623 1575 2
631 1547 682 1576 30.

118 1591 278 1631 Expende
291 1594 423 1622 Roman.
435 1591 591 1622 Arundel.

167 1638 229 1666 231
263 1647 330 1677 sqq.
365 1638 413 1666 De
443 1638 529 1666 zonis
557 1638 629 1667 coeli
656 1644 687 1667 et

119 1683 265 1713 Zodiaco.
283 1684 327 1713 Ut
344 1682 382 1711 ad
401 1684 475 1712 anui
493 1684 577 1714 sices
601 1690 631 1713 et
649 1686 687 1713 si-

120 1728 231 1758 derum
255 1735 343 1759 ortus
371 1736 402 1759 et
427 1739 556 1759 occasus
583 1731 688 1770 operis

120 1776 231 1805 rustici
245 1782 386 1815 tempora
403 1774 528 1805 definiri
546 1777 667 1816 possint
677 1799 686 1814 ‚

121 1821 219 1851 solem
248 1828 369 1851 certum
395 1832 452 1862 per
477 1822 592 1851 coelum
618 1833 689 1851 cur-

122 1877 193 1896 sum
208 1874 312 1897 tenere
335 1869 396 1905 ait,
421 1879 451 1898 v.
471 1869 533 1897 231
549 1886 596 1891 —-
609 1869 686 1898 256.

123 1930 169 1936 ·-—-
181 1914 374 1943 Demensum
390 1917 467 1954 Reg.
486 1920 517 1943 et
531 1915 622 1944 Junt.
639 1914 688 1944 ed.

123 1969 163 1988 ex
187 1958 261 1990 Ald.
281 1970 329 2000 pr.
349 1970 472 1989 annum
498 1970 558 2000 pro
585 1960 690 1990 orbem

124 2007 350 2036 Rott.-232.
367 2006 575 2047 Ambiguum,
604 2007 668 2035 fere
681 2029 690 2044 ,

124 2058 162 2080 ut
179 2061 208 2082 v.
221 2052 240 2080 6
254 2053 289 2081 in
304 2061 374 2082 voc.
390 2050 469 2080 coelo
484 2074 492 2088 ,
519 2052 572 2083 cuj
591 2052 691 2082 verbo

124 2094 158 2126 τὸ
177 2096 290 2126 mundi
299 2097 498 2138 jungendum
523 2098 585 2130 sit:
611 2097 692 2128 orbis

124 2143 239 2184 mundi
254 2142 335 2172 bene
350 2143 518 2174 diceretur.
535 2143 592 2173 Sol
606 2154 693 2173 mun-

123 2187 169 2227 di,
176 2189 225 2220 sol
232 2188 314 2229 eoeli,
322 2191 437 2229 otiose;
448 2189 496 2221 his
507 2188 607 2220 modis
616 2200 693 2232 pon-

1252 565 1299 588 25>

728 674 841 704 deratis
854 697 863 710 ‚
893 681 1019 714 praestat
1030 676 1180 714 jungere,
1204 674 1301 701 Ascra

730 721 842 750 mundi
864 720 895 749 h.
915 721 1005 756 coeli,
1025 727 1061 749 ut
1086 720 1199 759 passim
1218 717 1300 747 side-

728 777 765 795 ra
784 766 876 803 coeli,
904 773 941 795 ut
961 766 1017 795 iuf.
1041 766 1106 794 335
1129 764 1202 794 cccli
1217 774 1303 793 men-

728 822 777 840 ses
795 818 826 841 ec
849 811 965 841 sidera.
991 812 1057 841 Etsi
1078 816 1150 850 post
1178 809 1301 839 dimen-

729 868 795 886 sam
820 856 912 886 cercis
933 856 1077 896 partibus
1094 878 1102 892 ‚
1135 855 1203 886 scil.
1231 865 1300 895 spa-

730 903 780 932 tiis
796 925 805 939 ‚
829 914 900 943 quae
922 903 1028 932 eadem
1054 903 1118 932 XII
1142 903 1229 942 signa
1251 912 1302 931 oc-

731 956 849 988 cupant
867 972 876 986 ‚
919 950 1023 978 orbem
1048 948 1080 978 h.
1113 947 1230 977 coelum
1268 947 1305 976 il-

729 994 788 1024 lud
811 996 952 1035 apponit.
986 995 1110 1026 Coelum
1133 993 1217 1034 reoic
1249 994 1306 1022 Sol

726 1051 788 1080 per
810 1041 975 1070 clnodoeim
1003 1041 1116 1081 sima,
1148 1046 1303 1080 quatenus

733 1097 828 1116 cursu
852 1087 918 1125 ejus
942 1098 997 1127 per
1029 1087 1082 1116 illa
1114 1086 1196 1115 facto
1231 1096 1305 1115 con-

732 1134 909 1161 stituuntur
925 1144 975 1169 ea,
993 1144 1063 1173 quae
1081 1134 1116 1162 in
1135 1131 1216 1161 coelo
1232 1139 1307 1161 sunt

735 1178 873 1207 siderum
892 1186 997 1208 motus
1016 1190 1050 1208 ac
1070 1186 1222 1219 tempora.
1240 1177 1306 1208 Ad-

736 1224 898 1255 umbiaxit
922 1232 1027 1255 autem
1053 1225 1085 1254 h
1078 1236 1122 1255 cc
1148 1230 1242 1265 poeta
1268 1234 1307 1255 ez.

735 1271 777 1299 El
779 1270 949 1300 nosthenjs
977 1272 1141 1301 ve1sibus:
1151 1282 1192 1300 πε
1231 1268 1307 1302 ιὸὲ

736 1314 762 1345 οἱ
787 1315 921 1351 ζῦνωιιτ
943 1314 1091 1352 σιειὶοίὸες
1120 1316 1193 1347 ἐσπε
1199 1314 1307 1359 Ῐεηντο·

735 1362 867 1402 (cenent
879 1363 1013 1403 coelmn)
1029 1362 1061 1393 αἱ
1076 1360 1129 1393 δύο
1145 1361 1199 1405 μὲν
1213 1367 1309 1407 ’skau-

738 1407 801 1437 κοῖα
831 1407 1042 1452 >effaebi-spu
1078 1407 1200 1440 κυάνοιο
1224 1408 1308 1450 (coe-

738 1454 827 1482 ralea
839 1454 947 1495 glacie
961 1463 1117 1485 concretoe
1133 1463 1228 1496 atque
1249 1455 1307 1485 im-

738 1499 840 1528 bribus
857 1501 935 1530 atris
944 1513 956 1537 ,·
981 1509 1011 1531 et
1027 1501 1065 1531 de
1088 1501 1199 1531 iisdem
1216 1513 1309 1540 mox,

740 1555 800 1575 οιι;ι
827 1555 864 1588 φρ
870 1546 958 1577 κιαὶέ
948 1558 993 1577 ·7.ι
1023 1546 1071 1578 οιῐε
1076 1545 1125 1577 ίο’
1145 1544 1237 1578 ὕδατι
1261 1558 1309 1577 νο-

739 1602 772 1620 σ;
768 1590 914 1632 ouo-707¹]
935 1590 969 1623 δὲ
987 1591 1043 1624 21:17
1060 1591 1190 1636 emman
1208 1604 1242 1624 τε
1256 1605 1310 1624 ›cz‹

741 1636 775 1667 ἐκ
800 1638 878 1681 πυρὴ
865 1649 894 1674 3
922 1633 964 1669 οἷς
967 1651 981 1669 a
1008 1637 1126 1682 ἐρυθρή.
1149 1640 1309 1681 (corusco

740 1685 873 1724 Semper
893 1686 960 1715 sole
981 1686 1112 1722 rubens,
1141 1693 1173 1715 ec
1189 1686 1310 1716 torrida

740 1740 865 1770 semper
893 1731 933 1760 ab
964 1731 1054 1773 igni)
1082 1709 1167 1773 (Qid.
1193 1732 1242 1762 ed.
1268 1734 1311 1762 Ο-

741 1787 817 1806 xon.
846 1778 937 1807 Arati
960 1789 993 1818 p.
1021 1776 1085 1818 46)
1101 1801 1110 1814 ,
1137 1777 1222 1818 apud
1247 1778 1310 1807 He-

742 1822 891 1852 raclidem
915 1823 953 1853 de
987 1824 1155 1863 Allegoriis
1179 1825 1310 1854 Homer.

742 1880 773 1908 p.
804 1869 880 1906 476.
907 1871 991 1900 conf.
1020 1869 1139 1899 Tibull.
1169 1871 1234 1908 IV,
1271 1880 1309 1908 1,

748 1915 807 1943 151
835 1925 903 1954 sqq.
919 1933 965 1938 —-
985 1915 1060 1944 233.
1082 1914 1202 1944 Coelum
1220 1926 1308 1945 nune

743 1962 871 1999 proprie
901 1961 994 1990 tellus
1023 1967 1088 1997 est,
1126 1960 1207 1991 coelo
1234 1961 1310 1991 sub-

739 2006 834 2044 jecta.
851 2023 898 2028 —-
917 2008 993 2042 234.
1018 2006 1069 2036 Ab
1087 2006 1158 2047 igni
1178 2015 1225 2037 esc
1240 2009 1312 2048 qui-

745 2051 817 2080 dam
831 2061 838 2081 ;
853 2052 904 2081 alii
923 2052 963 2081 ab
981 2052 1066 2093 igne.
1082 2069 1129 2077 -ι
1145 2053 1222 2084 235.
1243 2055 1312 2083 Ex-

745 2104 853 2130 tremae
867 2105 940 2128 sunt
953 2099 988 2128 in
1003 2105 1143 2128 extrema
1154 2105 1242 2139 parte
1254 2110 1312 2140 po-

744 2143 830 2181 eitae3
857 2151 888 2173 et
914 2143 1083 2174 trahuntur
1109 2152 1156 2174 est
1186 2145 1313 2186 plenius

745 2199 804 2232 pro
818 2197 911 2228 sccntf
929 2201 988 2223 nos
1005 2202 1022 2221 v
1064 2201 1117 2230 σο,
1136 2190 1314 2225 extendunt
