1408 2428
559 67 680 98 LIBER
705 67 746 96 11.

1191 65 1255 93 203

61 123 237 174 Conjugis
253 124 292 160 in
312 124 497 173 gremium
513 122 610 160 ‘iaetae
632 123 846 169 descendit,
863 132 900 159 et
914 135 1043 159 omnes

57 187 217 234 Magnus
233 185 317 230 alit,
334 197 470 234 magno
490 185 715 221 commixtus
733 196 915 234 corpore,
932 184 1041 220 fetus.

55 245 153 281 Avia
171 254 250 282 tum
269 253 446 283 resonant
467 244 601 282 avibus
616 245 780 294 virgulta
796 246 963 291 canoris,

57 309 101 342 Et
119 309 305 343 Venerem
315 307 432 343 certis
450 314 626 356 repetunt
641 314 810 343 armenta
827 306 973 343 diebus.

55 367 219 403 Parturit
233 366 351 404 almus
369 379 458 418 ager
464 382 475 414 3
492 366 734 416 Zephyrique
757 365 972 416 tepentibus
992 365 1094 402 auris
1205 374 1250 396 3³0

56 429 200 463 Laxant
219 439 307 462 arva
323 426 444 473 sinus;
463 435 618 476 superat
632 434 738 463 tener
754 425 929 463 omnibus
947 425 1096 463 humor.

54 489 174 534 Inque
193 498 310 522 novos
329 486 424 523 soles
442 486 583 524 audent
601 499 640 523 se
656 486 824 536 germina
841 493 925 522 tuto

55 545 236 591 Credere3
254 558 323 582 nec
338 547 472 583 metuit
489 548 675 596 surgentis
691 547 890 597 pampinus
907 549 1087 591 Austros,

53 609 129 642 Aut
148 615 272 642 actum
290 606 383 642 coelo
401 607 542 656 magnis
562 607 813 656 Aquilonibus
830 606 1007 652 imbrem3

53 665 129 701 Sed
148 665 266 702 trudit
283 678 466 715 gemmas,
484 675 521 703 et
539 666 681 704 frondis
699 667 862 716 explicat
880 665 1013 702 omnis.
1203 674 1250 697 335

53 804 110 841 dit,
131 804 317 845 AEschylum
334 813 366 836 et
388 806 576 847 Euripidem
592 807 627 836 in

51 850 113 880 hoc
126 852 286 891 praeivisse
297 861 305 882 ε
315 863 453 892 quorum
462 853 533 882 loca
543 853 626 892 apud

52 896 243 926 Athenaeum
258 900 350 935 XIII,
360 909 392 938 p.
404 898 470 927 600
488 905 572 928 sunt.
585 898 625 928 cf.

52 954 121 983 sup.
136 943 204 973 Ecl.
219 945 298 980 VII,
315 945 377 980 60;
392 946 504 974 Horat.
522 943 625 985 Epod.

52 990 143 1024 xm,
162 1000 175 1019 1
183 1013 191 1019 .
208 990 318 1030 Nuper
330 990 392 1020 hoc
402 990 487 1020 idem
498 991 626 1031 copiose

52 1036 221 1065 illustravit
245 1037 447 1067 WVernsdorf.
477 1037 511 1066 in
535 1039 622 1068 Poet.

53 1082 129 1111 min.
153 1088 176 1111 t.
199 1083 266 1119 111,
282 1094 315 1123 p.
347 1083 412 1113 536
431 1084 621 1124 sq.-327.

53 1129 211 1169 Blagnum
239 1139 351 1169 corpus
373 1131 479 1160 Terrae
504 1130 623 1160 intelli-

51 1173 202 1214 gendum,
211 1181 248 1204 ut
265 1178 335 1206 AEu.
352 1177 411 1212 VI,
429 1187 491 1214 727
512 1177 551 1206 de
560 1176 623 1206 hoc

51 1221 211 1251 universo.
225 1223 375 1262 Expressi
389 1233 430 1252 ex
445 1222 478 1253 h.
493 1223 516 1254 l.
536 1230 620 1252 vete-

51 1268 94 1297 ris
121 1274 224 1307 poetae
254 1279 362 1298 versus
390 1269 425 1298 iu
452 1269 623 1310 Pervigilio

52 1314 210 1343 Veneris:
232 1315 271 1343 In
290 1325 395 1344 smum
415 1323 548 1344 mut-zeus
563 1315 622 1345 im-

52 1359 224 1402 berfluxic
239 1360 337 1390 almae
355 1361 510 1402 conjugis,
533 1362 625 1391 Unde

42 1405 134 1446 setus
150 1404 272 1436 mixtus
289 1417 400 1436 omnes
415 1408 518 1437 aleret
535 1418 625 1449 mag-

53 1463 94 1482 no
118 1462 258 1493 corpore.
274 1453 514 1484 -Permixtus
541 1454 625 1495 apud

52 1500 193 1529 Lactaut.
210 1499 250 1529 de
271 1498 345 1529 falsa
361 1500 462 1541 Relig.
481 1503 496 1530 I
507 1523 517 1539 ,
537 1501 567 1531 5.
578 1519 625 1524 —-

54 1545 131 1576 328.
149 1545 235 1576 Avia
259 1556 372 1576 vocem
396 1547 522 1576 futilem
548 1558 623 1588 pro-

52 1592 178 1622 nuntiat
202 1592 326 1623 Wakef.
351 1600 383 1623 et
406 1593 552 1624 emendat
571 1594 625 1623 [ιε-

53 1637 121 1674 via,
140 1637 181 1668 ad
197 1639 314 1679 Georg.
334 1640 384 1677 ΙΙ,
411 1640 497 1680 596;
514 1647 547 1670 et
561 1640 624 1670 hoc

51 1695 116 1714 esse
134 1684 230 1723 idem,
250 1685 340 1726 quod
359 1686 493 1723 mollia,
511 1694 622 1716 tenera

51 1732 252 1773 (ηομ-329.
274 1731 348 1763 vid.
373 1734 555 1770 Lucret.>1,
583 1744 622 1763 10

51 1788 118 1817 sqq.
135 1779 170 1808 in
186 1789 268 1818 quos
282 1789 392 1809 versus
402 1780 505 1809 omnis
513 1781 624 1810 Venus

51 1824 155 1854 infusa
170 1832 227 1855 est.

114 1871 190 1902 330.
228 1871 340 1901 Omnis
381 1883 461 1914 ager
495 1874 622 1915 Menag.

51 1927 113 1947 sec.
131 1928 192 1958 pro
205 1916 412 1950 divers.-1ect.
421 1937 467 1942 —-
478 1921 624 1950 Tremen-

51 1963 132 1992 cibus
152 1963 239 1993 auris
263 1967 399 1996 Roman.
417 1965 625 2006 strepentibus

52 2010 137 2041 Leid.
149 2021 197 2051 pr.
208 2028 255 2033 —
265 2011 305 2040 33
315 2013 442 2042 1.Terra
454 2012 624 2043 admodum

12 2076 21 2083 .
52 2064 100 2086 est
132 2056 276 2087 humida.
322 2059 458 2098 Superat
498 2058 620 2095 humor,

51 2103 213 2141 abundat,
231 2114 304 2134 cum
333 2112 478 2146 respectu
508 2105 547 2136 ad
574 2106 623 2141 lac

52 2151 169 2181 matris.
190 2153 325 2181 Laxant
339 2162 416 2181 arva
427 2151 534 2189 sinus,
555 2163 625 2193 quae

51 2198 169 2237 frigore
180 2197 328 2228 adstricta
337 2205 436 2229 erant.
448 2201 572 2230 Lucret.
582 2201 624 2236 V,

683 808 761 843 804.
779 807 899 836 Effultus
931 805 1017 835 enim
1045 805 1137 835 calor
1155 812 1252 845 atque

680 852 794 882 humor
800 851 996 892 superabat
983 862 1017 881 tn
1028 851 1135 881 arvis.-
1152 851 1248 885 Hinc,

680 898 733 928 ubi
747 909 881 939 quaeque
894 897 959 928 Ioci
970 909 1020 939 reo
1008 909 1057 927 σιο
1074 904 1252 938 opportuna

679 945 832 980 dabutur,
856 944 1047 974 Crescebant
1068 951 1147 973 uteri
1168 951 1253 973 terra

679 991 838 1021 radicibus
845 991 967 1031 apti.cf.
976 991 1114 1031 sqq.—-3
1120 991 1137 1020 3
1144 1000 1173 1020 2.
1179 990 1253 1019 Ger-

679 1037 769 1067 miua
784 1039 892 1067 Burm.
908 1037 1170 1078 reposuit.Vu].go
1177 1047 1253 1076 gra-

679 1083 769 1113 mina
780 1083 962 1124 legebatur3
974 1081 1225 1123 reposuitVVake
1231 1082 1251 1111 f.

677 1148 723 1153 —-
732 1130 889 1160 Germina
899 1130 1062 1159 communi
1078 1129 1198 1158 ratione
1208 1129 1253 1158 lu-

676 1177 798 1217 quendi
820 1187 853 1206 se
875 1177 1007 1206 credunt
1030 1175 1102 1206 soli.
1125 1177 1252 1205 Lucret.

677 1225 718 1261 V,
738 1224 802 1262 780
828 1233 907 1252 ηονο
919 1221 994 1264 secu
1018 1222 1099 1262 quid
1109 1220 1253 1262 primum

677 1270 711 1300 in
727 1269 858 1300 luminis
870 1280 943 1299 oras
958 1268 1083 1298 Tollere
1107 1275 1140 1297 et
1155 1267 1253 1297 incer-

677 1317 718 1347 tis
741 1315 874 1346 tentarit
901 1315 1027 1345 credere
1045 1314 1164 1344 veneis.
1192 1314 1252 1346 Sed

679 1370 780 1393 totum
802 1362 910 1391 locum
939 1363 974 1391 in
1002 1362 1108 1391 animo
1140 1359 1254 1390 habuit

679 1416 804 1445 noster,
834 1410 861 1438 si
883 1416 1055 1447 utrumque
1078 1416 1251 1446 compares,

682 1456 822 1486 Credunt
849 1462 953 1484 autem
969 1464 1020 1489 se,
1037 1453 1115 1483 dum
1137 1452 1173 1482 in
1194 1463 1251 1481 ηοξ

679 1512 749 1531 vum
775 1502 875 1531 solem
894 1501 1074 1542 prodeunt,
1093 1499 1170 1529 hinc
1184 1509 1252 1528 cre-

678 1548 760 1578 dunt
786 1559 819 1577 se
849 1548 882 1577 in
910 1547 1008 1577 solem
1043 1557 1128 1576 nove
1157 1544 1250 1582 dixit,

678 1595 825 1635 exemplo
834 1601 939 1624 tamen
946 1594 1084 1624 Lucretii
1099 1593 1157 1628 VI,
1166 1603 1177 1621 1
1184 1602 1203 1621 ο
1210 1603 1224 1629 7
1231 1602 1251 1621 0

680 1641 825 1682 Vicigeni
846 1641 958 1671 latices
982 1640 1016 1670 in
1042 1638 1144 1680 aquai
1147 1637 1253 1679 ancz'-

677 1688 733 1717 bus
757 1688 881 1717 audent
903 1686 1050 1721 Blisceri,
1074 1686 1170 1726 §uum
1188 1683 1251 1724 pix

678 1742 819 1774 nequeat
841 1733 949 1775 gravis
975 1740 1009 1762 et
1034 1732 1100 1761 leve
1122 1730 1250 1761 olivum.

677 1781 854 1811 Transtulit
878 1780 961 1810 hane
984 1780 1117 1808 formam
1134 1779 1251 1807 Seneca

677 1829 772 1857 Herc.
798 1826 861 1857 fur.
884 1833 944 1864 147
964 1825 1003 1855 de
1023 1824 1158 1854 luscinia
1173 1834 1252 1853 exo-

677 1875 778 1904 riente
794 1873 863 1902 die:
878 1875 1073 1911 Pennasque
1095 1880 1175 1900 novo
1189 1877 1252 1899 tra-

677 1920 753 1950 dere
771 1919 834 1949 soli
849 1918 961 1948 Gestit.
974 1916 1252 1958 —334.I}Iagnis

678 1965 906 2007 Aquilonibus,
917 1963 1170 2000 vehementibus,
1177 1973 1251 2003 pro·-

679 2013 820 2049 cellosis,
835 2023 866 2042 v.
890 2012 997 2042 Bam,
1024 2010 1189 2041 Lucretius
1205 2010 1248 2045 V,

680 2060 743 2097 817
762 2060 808 2089 At
832 2057 954 2088 novitas
979 2056 1094 2088 mundi
1119 2055 1251 2099 necfri-

675 2116 758 2147 gom
771 2105 852 2135 dura
861 2104 974 2141 ciebat,
985 2106 1054 2135 Nec
1067 2102 1185 2134 nimios
1194 2113 1251 2133 aes-

679 2160 737 2188 tus,
757 2163 818 2182 nec
836 2151 963 2193 magnis
977 2151 1099 2181 viribus
1115 2158 1247 2180 austros.

680 2199 790 2235 Vides,
805 2198 890 2229 unde
906 2206 1013 2229 noster
1027 2198 1178 2229 hauserit.
