1408 2428
544 69 664 98 LIBER
688 67 728 95 11.
1163 68 1199 94 27
1211 58 1225 85 3

48 138 144 184 Ergo
165 134 232 168 rite
250 143 359 168 suum
375 129 521 165 Baccho
541 127 706 162 dicemus
723 125 905 160 honorem

47 192 280 231 Carminibus
298 189 445 240 patriis,
464 188 660 234 lancesque
679 192 714 219 et
731 183 806 219 liba
824 182 1004 224 feremus3

48 255 93 288 Et
109 251 241 287 ductus
257 261 374 286 cornu
391 246 503 284 stabit
523 258 626 282 sacer
639 243 767 279 hircus
784 239 831 277 ad
850 252 971 283 arani,
1186 243 1230 273 395

48 311 275 360 Pinguiaque
294 309 333 344 in
348 305 513 343 verubus
531 302 756 340 torrebimus
773 309 858 336 exta
876 296 1050 334 colurnis.

101 373 165 406 Est
184 369 294 405 etiam
311 367 372 403 ille
389 365 496 402 labor
516 362 689 400 curandis
711 359 851 396 vitibus
872 357 982 400 alter,

51 431 120 468 Cui
139 440 330 477 nunquam
345 425 518 462 exhausti
533 423 620 460 satis
638 430 692 457 est
709 434 717 454 z
734 430 895 466 namque
912 427 1020 451 omne
1037 414 1234 462 quotannis

50 494 197 538 Terque
215 494 420 535 quaterque
438 484 558 521 solum
577 478 841 522 scindendum,
857 475 1039 525 glebaque
1057 474 1174 509 versis

52 552 246 586 AEternum
266 544 468 594 frangenda
487 540 704 579 bidentibus
715 555 725 585 ;
746 550 856 574 omne
874 533 1073 571 levandum

1189 549 1236 567 ⁴qm>

54 606 200 643 Fronde
216 617 345 641 nemus
363 617 371 638 :
391 603 489 638 redit
505 600 677 651 agricolis
696 597 803 634 labor
820 604 922 631 actus
940 594 977 629 in
995 592 1143 635 orbem,

58 766 147 787 tenor
176 758 285 797 gignit.
317 757 434 785 Locum
468 753 554 783 hunc
585 752 622 782 ad

57 803 172 833 Bacchi
187 802 302 832 natales
327 799 485 830 transtulit
507 800 621 829 Avien.

59 850 175 888 Perieg.
220 858 233 876 1
244 857 302 876 121
347 857 392 886 sq.
439 845 495 874 ubi
540 843 622 874 conf.

59 893 204 924 Wernsd.
224 900 319 932 caput
327 891 491 920 honestum
502 897 547 919 est
556 889 625 930 pul-

60 939 188 975 chrum,
204 938 393 973 formosum,
410 937 501 976 quale
510 935 625 965 Bacchi

60 994 241 1025 expressum
253 983 355 1012 adhuc
370 984 404 1011 in
413 981 626 1011 monumentis

63 1030 265 1069 conspicitur.
285 1027 481 1057 Carminibus
499 1025 624 1065 patriis.

62 1078 162 1106 Fuere
177 1074 253 1104 adeo
269 1074 405 1102 carmina
421 1073 547 1111 antiqua
563 1073 626 1100 Ro-

64 1130 227 1150 manorum
240 1120 274 1148 in
288 1118 402 1148 Bacchi
414 1118 567 1146 honorem
583 1126 629 1144 ca-

64 1168 98 1195 ni
113 1166 212 1196 solita.
230 1164 301 1194 Alia
317 1163 403 1192 fuere
421 1163 627 1196 Fescennina,

67 1211 105 1241 de
121 1211 238 1251 quihus
252 1209 360 1250 paullo
384 1214 466 1237 ante.
486 1210 627 1241 Lances,

67 1264 98 1287 et
121 1256 248 1297 quidem
269 1257 303 1285 in
327 1255 364 1283 iis
383 1253 446 1283 liba
460 1253 522 1294 (cf.
540 1262 632 1292 supra

69 1302 106 1331 ad
132 1313 162 1332 v.
197 1300 296 1341 192),
317 1300 460 1328 feruntur
489 1298 527 1327 ad
557 1308 632 1326 aras.

73 1348 177 1377 Cornu
188 1346 312 1376 ducitur
323 1345 448 1374 victima
460 1345 524 1372 ritu
536 1353 635 1372 sacro-

72 1403 153 1422 rum.
168 1393 217 1423 Sic
235 1398 266 1420 et
278 1399 360 1420 stare
375 1389 507 1418 verbum
522 1389 635 1418 sollen-

71 1449 121 1467 ne.
145 1437 217 1466 vide
238 1439 322 1467 Serv.
347 1435 491 1464 Victimae
514 1441 635 1473 partes,

71 1493 142 1523 quae
157 1494 222 1512 non
237 1483 272 1510 in
288 1491 338 1510 ara
354 1479 572 1516 adolebantur,
590 1489 636 1507 sa-

73 1530 133 1558 cris
156 1528 256 1568 epulis
281 1525 537 1566 apponebantur3
563 1524 638 1553 hinc

74 1586 104 1604 v.
121 1574 186 1613 396
198 1573 331 1603 colurna
345 1581 446 1600 verua
461 1581 501 1600 ex
511 1570 638 1610 corylo;

74 1629 168 1659 quam
185 1619 328 1648 arborem
345 1627 416 1646 cum
433 1616 549 1646 dilectu
564 1616 641 1655 poni

74 1667 163 1694 aiunt
183 1666 388 1704 interpretes,
405 1672 444 1692 ex
459 1673 489 1692 v.
505 1671 580 1701 299.
596 1678 640 1683 —

76 1709 204 1740 Veribus
216 1713 346 1740 Roman.

124 1757 200 1796 393.
218 1757 296 1784 Suos
317 1754 448 1784 lzouores
471 1752 564 1782 codd.
585 1752 638 1781 ali-

76 1809 154 1841 quot
167 1802 276 1838 Pierfi,
290 1799 377 1840 quod
388 1800 448 1840 ipsi
460 1809 526 1828 rem
541 1798 642 1838 splen-

77 1847 230 1877 didiorem
247 1845 371 1876 efficere
386 1845 560 1875 videbatur.
577 1844 642 1872 Ho-

79 1900 200 1922 nestum
215 1909 262 1914 —
283 1891 433 1921 honorem
458 1888 642 1929 displicebat

79 1941 131 1968 Jo.
162 1936 288 1968 Schrad.
318 1954 364 1959 ——-
391 1936 467 1976 395.
505 1934 644 1963 Eductus

81 1983 164 2014 Leid.
176 1989 246 2012 tert.
259 1982 295 2012 Si
305 1982 414 2011 ductus
426 1984 511 2011 Serv.
523 1979 562 2008 ad
572 1981 641 2008 AEn.

80 2031 144 2065 IX,
174 2029 237 2065 627
251 2050 260 2065 ‚
290 2029 325 2056 in
349 2026 420 2057 edd.
446 2024 642 2066 quibusdam.

37 2077 46 2085 ”
81 2075 222 2115 [Ductus‚
238 2073 341 2108 stabit,
361 2072 455 2102 verba
467 2071 619 2101 sollennia
633 2078 641 2098 :

80 2123 258 2150 ominosum
282 2120 366 2148 enim
389 2125 455 2147 erat
471 2118 505 2145 in
528 2114 645 2145 sacrifi-

80 2168 151 2204 ciis,
168 2167 194 2196 si
217 2166 345 2195 victima
365 2163 554 2196 traheretur,
580 2170 646 2190 non

676 750 855 783 duceretur;
874 754 940 776 tum
962 748 988 774 si
1011 744 1049 773 ad
1071 753 1153 772 aram
1176 752 1241 771 non

676 801 787 836 sponte
800 800 912 827 staret,
929 791 983 821 sed
997 791 1172 819 reluctaret.
1184 788 1242 827 ]—

680 841 754 880 396.
775 837 995 878 Torquebimus
1008 834 1124 866 Medic.
1140 834 1241 863 Pierii.

725 888 800 925 397.
835 883 998 914 Curandus
1025 883 1134 911 Franc.
1169 879 1244 908 Alte

677 934 758 961 Ven.
774 948 819 952 —
841 931 1030 969 397-407,
1050 929 1155 957 Restat
1169 925 1245 953 alius

678 977 767 1006 labor
782 978 816 1005 in
838 985 912 1004 cura
927 974 1040 1003 vitium
1064 972 1133 1012 (est
1149 970 1245 999 etiam

679 1023 761 1052 alter
781 1021 836 1051 ille
859 1020 949 1049 labor
969 1017 1179 1048 curandarum
1201 1017 1246 1044 vi-

681 1066 797 1107 tium),
814 1067 870 1106 qui
887 1075 1048 1105 nunquam
1071 1062 1197 1097 finitur,
1212 1068 1249 1089 ut

682 1114 806 1142 vineam
820 1114 935 1140 iterum
951 1112 1128 1148 iterumque
1146 1116 1248 1146 repas—

683 1160 762 1187 tines
789 1155 945 1198 (fodias),
970 1155 1148 1195 pampines,
1173 1153 1251 1180 vites

685 1203 847 1242 ablaquees
857 1211 891 1230 ac
904 1207 994 1240 putes
1002 1222 1010 1235 ‚
1022 1199 1072 1227 cui
1080 1207 1251 1236 numquam

686 1248 761 1278 satis
774 1245 923 1276 exhausti
935 1245 1014 1285 (pro
1028 1243 1252 1278 exhaustionis,

687 1297 773 1325 Serv.
787 1292 819 1333 )‚
842 1292 874 1322 h.
901 1292 955 1330 qui
984 1298 1155 1328 numquam
1182 1288 1254 1316 sau's

688 1339 882 1369 exhauritur.
896 1336 999 1366 Multa
1017 1335 1055 1365 de
1071 1334 1119 1363 his
1134 1332 1256 1363 videbis

689 1385 807 1425 monita
823 1385 857 1412 in
870 1381 994 1412 Colum.
1014 1383 1070 1417 IV,
1088 1390 1141 1418 29.

739 1430 814 1468 398.
847 1429 995 1466 *Namque
1026 1436 1085 1466 pro
1118 1424 1256 1464 vulgari,

690 1485 802 1514 nempe
825 1473 920 1514 quod.
940 1471 992 1501 Ad
1010 1482 1075 1500 rem
1090 1469 1255 1500 Columell.

693 1522 749 1557 1V,
765 1526 800 1557 4,
831 1530 844 1548 1
863 1529 870 1549 :
887 1520 1043 1548 Numerus
1064 1523 1169 1545 autem
1186 1525 1258 1543 ver-

693 1566 783 1595 tendi
804 1564 866 1594 soli
881 1562 1070 1597 bidentibus,
1090 1569 1123 1590 ut
1145 1570 1257 1589 ‘verum

687 1611 813 1652 fatear,
857 1608 1057 1651 definiendus
1095 1617 1160 1636 nou
1194 1613 1256 1640 est,

694 1668 782 1692 eum,
805 1662 925 1696 quanto
949 1653 1084 1683 crebrior
1106 1651 1164 1687 sit,
1186 1651 1260 1690 plus

689 1702 839 1743 prodesse
865 1699 1045 1741 fossionem
1081 1696 1258 1726 conveniat.

693 1748 782 1778 Idem
797 1749 860 1783 IV,
882 1752 940 1781 14,
962 1756 974 1774 1
999 1744 1119 1773 crebros
1127 1741 1263 1783 fossoris

694 1794 836 1822 bidentes
857 1792 998 1831 requirit.
1025 1789 1064 1819 cf.
1095 1789 1195 1827 Geop.
1219 1789 1260 1822 V,

697 1840 750 1869 25.
770 1841 840 1868 Hoc
854 1837 937 1866 idem
947 1858 955 1872 ‚
971 1842 1068 1874 puto,
1084 1834 1189 1863 innuit
1205 1832 1262 1862 Ca-

696 1885 765 1914 tull.
780 1884 853 1914 LXI
874 1879 1029 1923 (LXIV),
1048 1881 1088 1918 39
1113 1880 1189 1908 IVou
1208 1877 1263 1906 llu—

697 1930 781 1959 mz'lis
796 1928 895 1958 curvis
903 1933 1062 1967 purgatur
1083 1924 1185 1953 vinea
1200 1933 1264 1951 ras-

697 1975 761 2005 tris.
778 1991 824 1997 -—-
840 1975 916 2013 399.
942 1970 1045 2000 Versis
1062 1968 1236 1998 bidentibus
1253 1979 1263 1996 .-

697 2020 857 2061 ligonibus
881 2018 961 2047 duos
989 2016 1095 2045 dentes
1123 2014 1265 2044 habenti-

698 2067 774 2102 bus,
804 2065 859 2105 qm*
889 2068 1056 2093 vertuntur
1084 2060 1120 2089 ad
1160 2059 1266 2100 glebas

700 2110 882 2152 frangendas
896 2116 927 2138 et
942 2105 1196 2138 comminuendas
1205 2116 1214 2142 3
1231 2112 1266 2134 ut

699 2163 782 2187 recte
801 2155 910 2186 docuit
924 2156 973 2184 vir
989 2153 1110 2183 doctus.
1126 2169 1172 2175 ——-
1188 2157 1264 2186 401.
