1408 2428
569 58 688 87 LIBER
715 59 738 87 I.
1184 58 1247 91 2¹15

67 119 160 162 Quae
175 118 336 152 Tuscum
355 114 521 151 Tiberim
539 124 575 151 et
591 118 760 151 Romana
776 115 911 164 palatia
928 129 1072 161 servas,

65 179 174 213 Hunc
190 176 318 213 saltem
339 188 470 212 everso
483 177 658 225 juvenem
676 189 895 213 succurrere
913 176 1020 212 saeclo
1204 184 1250 208 500

68 238 125 271 Ne
144 235 362 286 prohibete!
381 235 477 272 Satis
489 236 565 285 jam
582 236 728 285 pridem
745 236 923 286 sanguine
939 245 1068 272 nostro

65 297 350 332 Laomedonteae
366 296 503 332 luimus
520 296 685 345 perjuria
704 297 836 345 Trojae.

64 485 119 503 seu
131 476 268 503 Penates
279 485 293 503 3
304 476 397 504 Troia
408 476 441 503 in
451 475 573 504 Latium
585 476 636 505 ad-

65 527 201 549 vexerat.
216 538 260 542 —
275 527 349 559 499.
369 521 431 560 Qui
446 521 553 561 fragm.
570 523 638 551 Mo-

65 573 122 595 ret.
132 583 176 587 —
190 567 264 596 500.
282 566 362 595 Huic
374 567 470 596 Goth.
483 578 543 597 see.
555 579 638 596 aver-

65 622 98 640 50
121 613 251 641 Mentel.
272 623 320 652 pr.
339 630 384 634 -
410 616 559 642 leellcm
570 636 577 650 ,
602 620 638 643 ut

63 658 130 687 Ecl.
144 660 157 687 I
168 681 175 694 ,
190 660 242 694 43,
255 660 388 688 Romani
399 661 552 688 sermonis
562 667 638 689 noto

66 714 126 733 usn
150 705 283 744 appellat
303 706 512 734 Octavianum
541 706 638 735 (31053-

66 760 150 785 rem,
167 758 233 779 tum
265 752 346 779 circa
369 753 495 781 XXVII
521 754 651 781 annum'

67 803 219 836 agentem.
238 796 357 836 Soeclo(
368 804 404 826 ut
417 808 447 827 v.
462 796 638 837 468)e010r-

66 852 100 870 so
125 842 225 878 dixit,
242 842 327 882 quod
356 844 390 871 in
415 853 522 882 prosa,
550 844 638 872 rebus

62 887 196 927 perdicis
218 899 391 917 succurrere
411 899 422 917 :
442 895 477 917 ut
501 899 635 918 eversum

68 934 231 973 imperium
248 945 305 974 pro
320 935 522 969 labefactam,
535 935 571 963 ad
588 937 635 964 in-

68 981 195 1008 teritum
215 988 335 1010 ruente.
354 992 384 1010 v.
402 980 506 1010 Duck.
530 982 567 1009 ad
583 982 637 1011 lib.

68 1028 172 1060 XXX,
196 1026 252 1062 16,
272 1027 302 1055 6.
320 1026 468 1055 Ceterum
484 1028 639 1056 nonnulla

69 1073 103 1100 in
123 1073 326 1111 sequentihus
349 1068 436 1108 sunt,
463 1083 532 1112 quae
559 1073 639 1102 forte

69 1119 217 1148 Romanis
249 1119 345 1157 magis
373 1118 499 1158 probari
528 1126 640 1158 potue-

68 1170 162 1200 runt,
186 1174 201 1192 a
228 1164 320 1193 nobis
336 1166 479 1194 excusari
499 1164 578 1194 sorte
593 1176 638 1193 53-

70 1210 107 1238 tis
124 1217 187 1247 est;
206 1212 263 1239 etsi
285 1210 442 1240 declarare
470 1210 637 1247 videntur,

64 1256 128 1292 jam
154 1263 219 1285 tum
245 1264 346 1296 poetae
363 1258 467 1286 animo
491 1256 639 1286 insedisse

69 1302 207 1331 AEneidis
221 1310 440 1343 argumentum
453 1325 460 1340 ,
480 1311 515 1332 ut
531 1313 546 1331 a
560 1305 639 1332 Tro—

63 1349 147 1385 janis
165 1348 259 1377 rebus
277 1349 335 1378 fata
353 1351 569 1379 Romanorum
587 1359 640 1388 ap-

70 1400 99 1422 13
116 1400 146 1422 et
169 1403 250 1422 nexa
274 1395 398 1424 faceret.
418 1394 642 1424 Laomedontis

72 1446 154 1468 certe
166 1439 309 1480 perjuria
325 1441 418 1469 nimis
434 1441 527 1480 longe
546 1442 642 1480 petita

70 1485 171 1514 videri
200 1493 332 1525 possunt
346 1509 354 1523 ,
384 1497 442 1515 nec
474 1488 641 1516 sententia-

72 1542 140 1560 rum
157 1531 326 1561 admodum
344 1532 528 1562 commodus
545 1539 575 1562 et
590 1543 642 1562 na-

71 1578 180 1606 turalis
190 1577 269 1607 ordo
284 1585 315 1607 et
326 1580 475 1616 junctura
494 1590 568 1609 esse.
581 1581 642 1608 Ve-

72 1634 143 1653 rum
163 1624 201 1653 de
215 1626 431 1655 Romanorum
447 1636 540 1655 sensu
558 1636 643 1664 qure-

73 1669 208 1699 rendum
222 1677 285 1699 erat
296 1693 304 1707 ,
319 1681 383 1700 non
395 1671 433 1700 de
447 1678 567 1701 nostro.
579 1672 643 1701 Sci-

73 1716 146 1745 licet
160 1727 271 1757 magna
287 1717 391 1756 aliqua
407 1717 562 1746 calamitas
577 1728 643 1746 11011

73 1762 134 1790 11151
155 1762 287 1792 deorum
307 1764 361 1793 iris
379 1763 505 1792 immitti
521 1770 641 1803 potest:

73 1818 215 1837 exarsere
237 1809 299 1838 illae
320 1819 434 1848 magno
452 1810 557 1849 aliquo
580 1820 644 1838 sce-

74 1853 137 1882 lere
169 1864 203 1882 ac
228 1855 355 1894 piaculo
386 1857 561 1886 commisso.
598 1857 645 1884 Ita

75 1899 156 1928 bella
173 1901 276 1930 civilia
297 1901 476 1931 referuntur
496 1901 533 1930 ad
549 1903 644 1939 majo-

75 1956 146 1974 rum
161 1956 308 1985 magnum
333 1946 461 1986 aliquod
485 1945 560 1990 ἄγος
578 1957 585 1977 ;
604 1947 643 1976 ab

75 1993 208 2021 Horatio
227 1991 265 2020 ad
288 1992 492 2032 parricidium
515 1993 644 2023 Romuli

74 2037 174 2077 Epod.
188 2039 262 2075 VII,
278 2048 290 2066 1
299 2050 314 2076 7
326 2050 333 2075 ς
346 2049 362 2067 a
371 2039 506 2079 Virgilio
516 2038 554 2068 ad
564 2041 642 2069 Tro-

72 2084 237 2122 janorum,
272 2086 327 2124 qui
360 2086 459 2126 gentis
493 2087 642 2115 Romanae

73 2137 217 2160 auctores
250 2130 337 2160 fuere
348 2154 356 2168 ‚
384 2131 534 2162 facinora.
571 2133 642 2162 Jam

74 2186 170 2216 porro
187 2186 194 2207 ε
211 2176 367 2208 bellorum
390 2175 529 2208 civilium
549 2178 642 2209 scele-

690 486 723 504 ra
754 485 874 504 novum
907 481 980 504 sunt
1012 472 1087 517 ἄγος
1099 497 1106 511 ‚
1137 485 1256 504 novum

690 521 868 561 piaculum,
897 532 961 560 quo
989 520 1132 550 obstricti
1159 521 1260 550 homi-

690 578 744 596 nes
761 567 892 595 deorum
906 569 1009 596 1135111
1020 578 1051 595 se.
1064 574 1235 606 provocant
1250 579 1258 603 ;

690 613 763 641 inde
792 613 977 641 calamitates
1009 613 1129 641 easdem
1154 614 1213 641 iras
1229 620 1262 641 ct

691 669 788 688 novas
802 659 995 698 portendunt
1011 658 1152 699 prodigia
1167 668 1174 688 ;
1192 669 1262 698 quae

691 705 892 744 procuranda
908 712 982 733 sunt
1005 712 1034 733 et
1055 705 1088 734 τὸ
1116 702 1191 747 ἄγος
1209 715 1261 733 ex-

691 751 983 791 piandum.Verum
998 758 1102 780 reatus
1117 751 1169 780 ille
1182 751 1263 780 solvi

691 799 801 836 nequit
816 797 875 825 nisi
892 798 983 825 certis
997 797 1111 826 ritibus
1125 803 1154 825 et
1169 797 1263 825 saeris

690 842 920 883 piacularibus,
936 853 1000 872 non
1018 844 1077 872 nisi
1103 842 1141 871 ab
1163 842 1264 871 homi-

690 900 729 918 ne
746 900 828 928 puro
845 899 880 918 ac
897 895 1003 918 sancto
1025 896 1078 917 aut
1094 898 1109 916 a
1132 888 1191 917 deo
1211 888 1263 917 ali-

693 946 756 974 quo
773 934 919 963 curandis
936 944 943 963 :
958 934 1011 963 hic
1035 941 1099 963 erat
1119 935 1263 964 Octavia-

694 992 753 1010 nus
769 982 871 1010 (Izcsar
882 1004 890 1016 ,
909 982 964 1020 qui
976 980 1056 1009 iden]
1069 991 1167 1019 remp.
1180 990 1264 1009 unus

693 1027 855 1056 restituere
866 1034 997 1066 poterat.
1013 1028 1082 1056 Hoc
1098 1026 1180 1055 idem
1194 1037 1263 1065 per-

693 1080 845 1112 sequutus
865 1080 909 1102 est
934 1074 1042 1102 Horat.
1059 1075 1092 1109 l,
1112 1074 1213 1102 Carm.
1232 1083 1261 1101 9..

693 1121 763 1148 Jam
798 1119 846 1148 his
880 1118 1066 1149 notionibus
1105 1119 1264 1148 imbutum

693 1166 832 1194 animum
866 1167 890 1194 si
914 1165 1078 1199 habueris,
1102 1164 1190 1193 facile
1212 1175 1264 1193 cx-

691 1211 798 1250 pedies
820 1212 941 1251 singula
959 1221 965 1241 :
992 1211 1180 1251 permittite,
1203 1210 1264 1246 dii,

694 1264 729 1286 ut
747 1257 848 1286 Cri-sar
859 1268 958 1296 remp.
974 1257 1132 1292 restituat,
1148 1263 1177 1285 et
1191 1255 1265 1286 belli

695 1303 795 1332 civilis
819 1303 931 1332 scelera
955 1304 1069 1342 expiet.
1093 1303 1171 1332 Satis
1198 1312 1261 1331 1113-

694 1349 797 1378 lorum
813 1351 934 1389 experti
950 1358 1074 1377 sumus:
1093 1348 1153 1377 501
1168 1371 1175 1384 ,
1189 1349 1264 1378 502.

694 1397 742 1425 Ne
764 1394 856 1423 nobis
874 1406 947 1430 eum
971 1395 1097 1434 eripite,
1117 1400 1265 1434 tanquam

695 1450 797 1469 unum
830 1441 935 1477 illum,
964 1442 1018 1480 qui
1046 1440 1170 1479 culpam
1195 1451 1267 1470 nos-

695 1493 775 1515 113111
805 1488 931 1526 expiare
963 1492 1066 1526 potest
1085 1495 1092 1515 :
1121 1487 1178 1515 etsi
1208 1487 1266 1516 aevi

695 1531 790 1570 hujus
816 1539 909 1562 tantae
932 1539 1007 1561 sunt
1024 1542 1040 1561 e
1058 1531 1149 1561 bellis
1168 1533 1267 1561 civili-

695 1579 755 1608 bus
775 1578 979 1619 corruptelae,
998 1584 1034 1607 ut
1058 1578 1107 1607 dei
1136 1578 1267 1616 alicujus

694 1625 889 1664 praesentiam
909 1626 963 1653 vix
983 1625 1093 1654 serant.
1110 1625 1185 1653 Haec
1202 1635 1267 1653 om-

695 1671 748 1699 nia
775 1671 938 1710 splendide
964 1671 1087 1700 ornavit
1105 1677 1135 1699 et
1158 1670 1267 1710 ampli-

696 1715 813 1746 ficaxit.

746 1763 821 1793 502.
832 1764 879 1792 De
889 1762 1102 1792 Laomedonte
1115 1769 1189 1791 nota
1199 1772 1266 1792 nar—

697 1811 792 1846 ratio,
811 1810 866 1849 qui
889 1809 1072 1848 Apollinem
1092 1819 1125 1837 ac
1144 1809 1266 1848 Neptu-

697 1866 776 1885 num
799 1855 942 1884 mercede
966 1865 1024 1894 pro
1048 1856 1146 1882 muris
1162 1855 1266 1892 Trojae

697 1900 896 1931 exstruendis
931 1907 1020 1940 pacta
1056 1899 1264 1929 fraudaverat.

696 1949 807 1977 Horat.
822 1948 885 1984 III,
900 1948 929 1983 3,
943 1957 959 1975 2
969 1957 980 1975 1
996 1956 1038 1975 ex
1051 1956 1113 1986 qno
1126 1945 1268 1975 destituit

696 1993 771 2022 deos
800 1992 942 2022 mercede
957 1999 1058 2032 pacta
1078 1992 1264 2024 Laomedon

697 2038 777 2068 mihi
801 2046 957 2078 castaque
983 2038 1171 2067 damnatum
1198 2037 1263 2067 Mi-

697 2095 799 2114 nervae
817 2095 887 2113 cum
898 2084 1019 2126 populo
1035 2091 1067 2113 et
1080 2084 1158 2113 duce
1166 2083 1263 2124 fruu-

695 2131 835 2161 dtdento.
862 2133 967 2161 Potest
989 2137 1092 2160 tamen
1116 2141 1150 2159 ac
1169 2128 1265 2159 debet

696 2177 933 2212 Laomedontea
960 2177 1053 2215 Troja
1079 2176 1264 2218 simpliciter
