1408 2428
633 99 753 128 LIBER
778 98 802 127 I.

127 158 310 206 Agricolae
332 156 488 207 propius
502 154 658 191 stabulis
679 162 846 190 armenta
866 163 1048 191 tenerent.
1070 194 1072 196 r

127 218 312 253 Continuo
337 215 456 252 ventis
477 213 733 263 surgentibus,
755 223 819 250 aut
840 214 934 250 freta
955 215 1061 263 ponti

126 276 316 325 Incipiunt
335 275 473 325 agitata
489 282 715 320 tumescere,
735 284 771 310 et
791 274 918 311 aridus
940 275 1023 311 altis

126 337 321 374 Montibus
341 336 465 372 audiri
485 335 630 385 fragor3
648 345 711 372 aut
730 335 945 372 resonantia
961 335 1072 384 longe

127 398 256 434 Litora
274 396 439 442 misceri,
459 404 495 432 et
510 409 708 433 nemorum
728 395 1010 432 increbrescere
1024 408 1210 432 murmur.

126 461 145 493 J
150 471 207 494 am
224 457 296 494 sibi
312 465 391 493 tum
407 457 532 493 curvis
552 457 647 493 male
664 464 848 506 temperat
866 456 966 492 unda
983 456 1132 500 carinis,
1277 467 1321 489 ⁷³51,

128 518 254 561 Quum
270 516 394 552 medio
414 517 552 553 celeres
568 517 740 553 revolant
760 530 805 553 ex
827 529 979 565 aequore
996 516 1132 564 mergi,

126 646 315 685 tempestatis
330 647 514 686 ingruentis.
526 647 629 676 Habes
642 649 697 676 ita-

126 702 187 731 que
213 691 301 721 duo:
326 693 411 732 signa
433 694 578 721 cessantis
603 699 633 721 et
649 694 696 722 in-

125 739 272 777 gruentis>
282 739 483 778 tempestatis.
494 740 601 767 Variat
611 740 695 768 euim

124 784 192 813 haec
201 791 293 824 poeta
306 785 466 820 oratione3
481 791 511 813 et
524 786 695 824 propositis

124 830 198 859 inde
217 841 233 860 a
248 841 279 860 v.
300 831 362 860 356
384 830 566 869 pluviarum
588 837 619 859 et
634 831 693 859 ful-

125 877 247 906 minum
264 877 491 917 prognosticis,
514 876 641 914 subjieit
662 888 692 906 v.

129 924 191 962 393
229 924 375 963 praesagia
413 923 579 952 serenioris
612 923 692 951 coeli.

127 969 213 1009 Quid
224 980 307 1009 saepe
320 968 466 998 videntes
477 991 484 1005 ,
500 969 532 998 h.
548 979 612 1008 quo
626 970 695 998 viso

123 1017 327 1056 prognostico
342 1025 398 1044 seu
411 1014 544 1044 indicio.
560 1033 606 1037 -——
618 1016 693 1045 355.

125 1062 216 1092 Conf.
235 1062 385 1102 Calpurn.
405 1061 472 1091 Ecl.
491 1063 532 1097 V,
552 1063 592 1096 43
612 1072 679 1101 sqq.

172 1108 236 1138 356
259 1119 325 1148 sqq.
337 1126 382 1130 —
395 1107 470 1142 364.
490 1108 694 1136 Imminentes

123 1155 276 1194 procellas
305 1155 433 1183 nuntiat
464 1153 578 1183 surdus
617 1155 694 1182 acris

124 1209 229 1231 motus
255 1208 286 1230 et
311 1200 414 1241 fragor
443 1206 523 1229 terra
553 1201 694 1240 marique

123 1247 376 1283 increbrescens3
392 1257 457 1286 quo
480 1247 621 1275 exterriti
643 1246 695 1275 ali-

123 1301 169 1323 tes
195 1295 308 1323 marini
330 1294 364 1322 in
383 1293 473 1322 littus
487 1293 624 1322 evolant.
647 1295 695 1322 Ex

125 1342 215 1370 Arati
239 1343 402 1380 Prognost.
427 1350 487 1376 177
515 1349 582 1379 sqq.
607 1339 694 1379 (909

125 1385 229 1426 sqq.),
264 1387 320 1426 qui
348 1396 466 1415 versus*
494 1395 509 1414 a
543 1385 694 1415 Cicerone

126 1432 265 1461 translati
282 1439 356 1461 sunt
373 1433 408 1461 in
428 1432 542 1460 latinos
567 1430 605 1460 de
620 1432 692 1461 Div.

126 1479 156 1512 Ι,
173 1489 188 1515 7
201 1500 208 1514 ‚
225 1477 282 1507 ubi
294 1488 324 1508 v,
344 1479 449 1507 Daris.
466 1477 507 1507 cf.
522 1479 638 1507 Lucan.
651 1479 692 1513 V,

129 1524 193 1553 565
217 1534 299 1564 sqq.,
326 1525 382 1564 qui
406 1525 440 1553 in
461 1530 528 1553 toto
548 1523 603 1553 illo
621 1523 692 1553 loco

125 1577 269 1599 nostrum
309 1577 379 1599 ante
423 1570 532 1599 oculos
568 1570 691 1600 habuit.

124 1616 272 1646 Aliorum
292 1623 458 1656 poetarum
472 1616 542 1645 loca
564 1627 692 1656 surgen-

124 1663 162 1691 tis
188 1664 379 1702 tempestatis
408 1663 562 1703 congessit
594 1662 692 1692 Cerda

123 1708 155 1738 h.
174 1709 196 1739 l.
212 1710 265 1738 Est
283 1709 367 1738 enim
383 1710 447 1747 jam
469 1708 544 1739 inde
568 1708 607 1738 ab
626 1711 692 1739 Ho-

122 1765 210 1785 mero
236 1756 367 1795 poeticis
398 1756 531 1796 ingeniis
554 1763 693 1785 versatus

122 1800 222 1831 locus.
248 1802 417 1842 Virgilium
444 1803 587 1841 sequitur
611 1802 690 1832 Plin.

123 1848 250 1882 XVIII,
272 1849 330 1885 35,
359 1854 433 1878 sect.
465 1848 527 1885 85,
552 1848 612 1885 86,
637 1849 690 1886 87.

126 1892 282 1923 Continuo
305 1905 315 1922 :
343 1894 502 1934 principio
525 1893 590 1924 vid.
620 1905 690 1934 sup.

123 1938 166 1968 60
190 1939 297 1969 ventis
317 1940 510 1980 surgentibus
529 1950 540 1968 .-
553 1950 629 1969 mox
644 1951 689 1971 vs,

126 1984 190 2013 365
201 1993 300 2015 vento
312 1985 535 2025 impendente;
545 1985 616 2015 vide
626 1996 690 2015 mo-

122 2030 165 2060 do
180 2031 219 2060 ad
232 2043 263 2061 v.
281 2032 357 2067 354.
373 2033 467 2061 Freta
479 2031 575 2071 ponci
589 2033 689 2072 poeti-

123 2087 156 2106 ca
174 2077 348 2118 periphrasi
371 2087 430 2117 pro
449 2077 572 2118 ponto,
592 2079 689 2115 mari3

120 2123 200 2153 nihil
232 2124 376 2165 amplius.
392 2141 437 2147 —
459 2125 534 2162 357.
564 2124 690 2154 Arduus

121 2169 170 2200 ed.
184 2172 267 2200 Ven.
284 2177 315 2200 et
326 2173 498 2201 Romanus.
513 2188 558 2193 -—
573 2169 690 2200 Aridus

112 2214 248 2257 fragor,
273 2216 373 2256 qualis
405 2228 493 2257 asper
522 2224 552 2247 et
579 2223 689 2246 acutus

750 648 910 687 lignorum
938 646 1118 683 aridorum,
1147 657 1219 675 cum
1240 647 1322 677 fran-

750 700 879 733 guntur.
906 694 951 721 Ita
971 700 1000 722 et
1019 694 1143 722 Lucret.
1169 694 1235 729 VI,
1261 705 1272 722 1
1286 697 1321 723 13

750 757 793 761 —-
827 750 838 767 1
851 749 888 777 ¹9
901 761 908 774 ‚
939 745 969 768 et
1008 740 1215 768 Homericum
1251 742 1322 769 2022

748 783 854 816 ἄϋσεν.
877 791 912 814 ut
930 784 1016 814 Iliad.
1033 796 1064 820 ν,
1084 792 1163 821 441,
1193 793 1223 815 et
1247 797 1322 828 καρ-

748 829 860 870 φσιλέεν
893 828 982 860 εἶπεν
1010 831 1088 861 ibid.
1123 838 1198 871 409.
1237 836 1321 863 cons.

749 877 858 907 Cerda.
873 877 971 906 Effert
990 884 1095 907 autem
1109 878 1195 907 haud
1215 880 1322 918 paullo

748 925 888 953 ornatius
905 927 1018 954 Aratea
1034 924 1054 953 l.
1072 924 1092 953 l.
1114 925 1175 953 180
1188 925 1320 967 κορυφαί

749 979 782 999 τε
813 967 969 1011 &uiuam
1006 968 1107 1012 οὔρεος
1145 969 1251 1014 ἄκραι.
1276 990 1321 994 -

752 1017 827 1055 359.
850 1015 970 1045 Littora
1001 1017 1126 1046 misceri
1143 1028 1154 1046 .·
1171 1019 1321 1048 miscetur

748 1072 782 1090 ac
811 1062 1017 1101 perturbatur
1047 1073 1131 1093 mare
1154 1063 1261 1094 littora
1291 1074 1323 1093 et

748 1118 820 1137 saxa
845 1107 981 1145 alluens,
1005 1109 1121 1147 quihus
1145 1110 1320 1140 alliduntur

748 1154 883 1190 fluctus;
901 1160 931 1183 et
947 1155 1133 1184 resonantia
1153 1156 1322 1186 miscemur

747 1211 806 1240 pro
823 1200 956 1240 simplici
967 1209 1130 1231 resonant.
1142 1204 1258 1232 Aiatus
1275 1204 1318 1252 ib3

749 1257 778 1276 v.
802 1247 884 1284 178,
902 1257 937 1276 ι·-
925 1257 1080 1293 9υακρο
1070 1245 1125 1276 ..2³
1115 1247 1163 1277 Ῑπ’
1181 1247 1320 1292 αἰγιαλει

749 1290 803 1330 [m'
788 1302 896 1327 2¹³()1?S;
908 1284 1026 1329 ,Ar-toti
1040 1295 1066 1309 ··'
1045 1291 1186 1324 ,ειίοίλν
1177 1306 1217 1331 ι,
1233 1294 1289 1325 dno
1286 1295 1321 1312 ''-

751 1334 875 1368 εὐδία
858 1337 1020 1378 ἠχ-ίεσσαι.
1044 1339 1165 1369 Littom
1181 1340 1320 1382 ripaeque

747 1385 775 1414 si
797 1385 990 1414 resonabunt
1016 1386 1190 1426 tranquillo
1205 1399 1216 1416 .·
1245 1399 1319 1417 cum

747 1438 861 1460 ventus
877 1431 1023 1461 nondum
1044 1434 1199 1470 sentitur3
1217 1433 1319 1464 reddi-

748 1477 794 1506 dit
817 1477 896 1508 Plin.
922 1480 1053 1515 XVIII,
1074 1479 1131 1516 35,
1154 1491 1178 1510 s,
1203 1481 1254 1511 58.
1272 1482 1319 1510 Si-

747 1523 831 1552 milia
857 1524 926 1553 loca
954 1524 1052 1554 Cerda
1079 1528 1244 1566 congessit.
1272 1528 1319 1556 De

747 1580 910 1599 nemorum
939 1581 1095 1600 murmure
1117 1582 1172 1601 seu
1193 1575 1318 1614 mugitu

745 1615 784 1645 cf.
801 1619 870 1646 AEu.
883 1619 929 1652 X,
947 1627 987 1656 97
1009 1635 1054 1640 —
1071 1628 1124 1657 99.
1144 1620 1316 1659 Expressit.

745 1662 776 1692 h.
802 1662 822 1692 l.
852 1664 969 1692 Lucan.
997 1666 1045 1701 V,
1071 1665 1131 1694 551
1150 1675 1217 1705 sqq.
1244 1668 1321 1695 Post

745 1715 844 1737 vento
858 1717 1016 1738 crescente
1031 1710 1134 1751 magis
1153 1710 1256 1751 magis
1270 1712 1317 1740 in-

744 1754 944 1784 crebrescunt
973 1756 1086 1786 Catull.
1118 1756 1222 1797 Epith.
1252 1758 1314 1787 Pel.

748 1801 824 1838 275.

794 1846 870 1877 360.
888 1849 920 1877 A
938 1847 1035 1876 curvis
1060 1850 1153 1878 Pierii
1180 1851 1313 1880 Roman.

745 1899 878 1932 uterque
905 1894 1036 1924 Mentel.
1066 1896 1159 1924 Voss.
1186 1902 1217 1925 et
1240 1898 1315 1937 Reg.

745 1938 1052 1980 Subintelligendum
1074 1951 1151 1970 vero
1178 1952 1218 1979 a,
1250 1953 1317 1972 non

743 1984 957 2015 scribendum.
976 2003 1022 2009 —-
1042 1988 1113 2017 Jam
1144 1993 1213 2017 tum
1243 1990 1316 2018 satis

738 2031 845 2070 -gravis
855 2037 1019 2072 tempestas
1034 2033 1068 2063 in
1083 2034 1161 2071 alto,
1176 2041 1213 2064 ut
1227 2037 1314 2064 navis

739 2077 800 2105 -vix
826 2079 946 2107 resistat
971 2080 1042 2109 satis
1063 2079 1234 2119 fluctibus,
1254 2083 1314 2110 ‘in-

744 2122 959 2154 crebrescente
982 2126 1130 2166 procellae
1160 2128 1210 2165 vi,
1241 2135 1313 2158 cum
1363 2138 1366 2140 ·

743 2174 802 2199 etc.
829 2184 876 2192 »ὲ-
897 2171 972 2204 361.
997 2174 1149 2213 Expressa
1174 2173 1242 2204 haec
1273 2185 1312 2202 ex

742 2216 860 2253 Ara103
888 2229 947 2249 nec
976 2226 1080 2249 tamen
1105 2230 1179 2250 cum
1201 2219 1263 2252 fide
1280 2231 1313 2252 ae

1124 2280 1187 2325 17*
