1377 2428
550 90 671 119 LIBER
696 90 752 119 IV.
1179 97 1240 127 427

61 145 319 195 Invalidasque
337 145 406 182 tibi
422 144 593 190 tendens,
612 145 687 181 heu
707 157 782 180 non
801 153 883 190 tua,
906 146 1064 194 palmas!
1086 164 1099 178 »

112 206 268 250 ›>‚Dixit‚
285 215 321 242 et
338 218 385 241 ex
404 205 520 241 oculis
539 204 684 250 sabim,
702 218 771 241 ceu
790 205 912 242 fumus
933 206 970 241 in
989 219 1099 243 auras

58 267 287 303 commixtus
308 265 445 309 tenuis,
464 263 558 313 fugit
577 263 741 309 (livet-5213
758 277 880 312 neque
897 264 1020 309 illum,
1191 274 1238 297 500

56 329 294 362 Prensantem
310 324 559 373 nequicquam
577 323 745 369 umbras,
766 333 802 360 et
822 324 939 360 multa
957 324 1147 361 volentem

56 386 211 430 Dicere,
227 393 408 433 praeterea
423 383 535 429 vidit3
555 395 623 418 nec
647 384 810 431 portitor
827 384 920 419 Orci

57 444 227 492 Amplius
244 442 427 492 objectam
442 455 572 492 passus
592 442 750 478 transire
767 442 955 490 paludem.

58 502 159 548 Quid
177 502 336 537 faceret?
358 504 442 546 Quo
461 515 499 538 se
515 510 622 550 rapta
639 501 697 537 bis
715 502 872 551 conjuge
890 503 1028 539 ferret?

59 564 144 606 Quo
168 560 258 595 fletu
276 560 414 604 Manis,
433 559 679 608 quaaenuinina
696 572 788 596 voce
805 562 998 597 moveret?
1192 571 1238 594 505

55 619 123 655 Illa
141 618 293 667 quidem
311 618 439 667 Stygia
457 618 570 655 nabat
582 620 659 668 jam
680 619 815 668 frigida
834 619 979 668 cymba.

108 694 123 710 n
135 679 286 726 Septem
304 676 408 712 illuni
429 684 526 712 totos
544 676 744 725 perhibent
762 690 808 712 ex
825 677 959 713 ordine
976 677 1111 714 mensis

57 737 164 784 Rupe
183 734 252 771 sub
268 735 368 771 aeria
387 734 524 771 deserti
540 734 587 771 ad
606 736 814 783 Strymonis
831 736 971 772 undam

55 795 236 840 flevisse,
252 803 288 831 et
306 793 435 844 gelidis
455 794 534 831 haec
551 795 731 831 evolvisse
748 795 818 831 suh
838 796 973 840 antris,

56 854 282 890 Mulcentem
302 854 424 903 tigris,
441 861 477 890 et
494 862 663 903 agentem
677 854 841 890 camnine
858 867 1030 903 quercus.
1191 865 1237 888 510

102 1006 178 1039 499.
208 998 302 1040 Fugit
317 998 349 1027 in
367 1008 463 1026 auras
485 1005 611 1035 tenues,

55 1051 90 1074 ut
111 1048 180 1075 AEn.
194 1047 243 1081 V,
273 1050 336 1082 740
361 1043 501 1072 DAz-erac
522 1051 553 1072 ec
573 1050 614 1072 te-

54 1090 125 1120 nuis
133 1090 228 1130 fitgz'c
241 1100 297 1118 ceu
335 1099 424 1117 umus
443 1088 475 1116 in
495 1099 607 1123 αιινας,

52 1146 108 1165 ceu
145 1146 234 1164 arnus
261 1141 450 1164 commta-cus
471 1143 513 1162 sc,
538 1144 611 1162 cnm

51 1191 135 1211 aura.
151 1182 287 1210 Petitum
301 1186 404 1208 autem
418 1189 458 1207 ex
472 1178 559 1208 Iliad.
573 1176 610 1217 ψ,

55 1237 129 1257 100.
154 1226 219 1255 vid,
244 1225 303 1254 alia
329 1235 377 1264 ap.
404 1223 543 1253 Cerdam.
566 1240 612 1247 —-

53 1274 128 1302 500.
148 1270 241 1312 Fugit
261 1269 397 1306 diversa,
422 1280 495 1298 cum
509 1270 544 1297 iu
562 1268 610 1298 di-

52 1327 189 1353 versam,
212 1326 249 1345 ac
264 1326 326 1355 qua
344 1315 488 1354 Orpheus
509 1314 611 1344 tende-

50 1364 121 1400 bat,
137 1369 257 1403 partem
268 1384 276 1399 ‚
301 1360 333 1391 h.
352 1368 435 1389 retro
446 1383 454 1396 ‚
478 1360 610 1389 auferre-

51 1416 122 1444 ται-ς
140 1415 177 1437 ut
196 1418 266 1447 sup.
284 1417 315 1436 v.
339 1405 553 1448 367flnmina
569 1406 612 1435 di-

51 1464 138 1483 versa
163 1452 248 1482 locis.
268 1469 315 1474 —-—
341 1452 416 1481 503.
449 1451 611 1492 Objeccam

49 1500 175 1540 poetico
189 1504 304 1527 ornatu
319 1497 490 1535 adjectum3
502 1504 537 1526 ut
553 1498 610 1528 Ge.

50 1547 117 1582 ΙΙΙ,
144 1544 185 1573 25
192 1545 208 1574 3
225 1554 292 1572 non
311 1543 433 1583 objecta
447 1543 613 1572 retardant

39 1590 193 1634 flumina.
214 1606 260 1612 —
281 1589 356 1618 505.
384 1590 452 1629 Quo
462 1589 547 1629 fletu
565 1606 610 1613 --

51 1647 115 1677 qua
137 1646 237 1672 voce,
264 1645 323 1675 pro
350 1635 510 1674 quomodo
534 1634 611 1664 fletu

51 1693 86 1712 ac
110 1691 206 1717 voce,
235 1688 271 1710 ut
292 1680 357 1710 Ecl.
383 1682 446 1718 VI,
485 1681 526 1710 80
549 1692 611 1720 quo

51 1738 140 1757 cursu
164 1743 209 1750 --
233 1726 342 1767 quibus
367 1726 438 1756 alis.
462 1744 508 1750 —-
534 1728 611 1766 Quoe

52 1773 185 1803 numina
204 1773 321 1803 Medic.
347 1778 378 1802 et
398 1772 546 1807 Rottend,
561 1783 610 1812 pr.

51 1830 68 1848 a
82 1830 123 1849 m.
133 1830 181 1859 pr.
191 1841 200 1856 ,
214 1825 251 1847 ut
265 1825 295 1848 et
310 1821 486 1855 Romanus,
500 1820 534 1848 in
547 1828 611 1857 quo

51 1874 170 1905 porro:
190 1866 274 1905 Quos
291 1864 376 1906 fletu
398 1866 522 1893 illane&
542 1864 609 1893 Gu-

51 1910 162 1939 dianus
183 1920 201 1939 a
223 1920 265 1940 m.
291 1920 340 1949 pr.
366 1909 548 1951 Quodfletu
563 1926 610 1933 --

52 1966 122 1996 quae
140 1955 282 1985 nomina.
302 1954 517 1996 Quaslumina
530 1956 609 1984 Vra-

39 2001 113 2031 ‘tisl.
146 2002 268 2030 Liceret
298 2000 406 2030 saltem
440 2000 576 2030 scribere
601 2011 609 2032 :

55 2048 139 2087 Quos
140 2046 226 2089 fletu
240 2047 371 2082 Μαηες,
393 2056 463 2086 quoe
479 2046 612 2076 numina

52 2102 133 2122 voce
147 2099 290 2122 moveret.
305 2093 450 2121 Illoneret
462 2092 578 2123 Medic.
594 2103 611 2122 a

54 2148 94 2168 tn.
108 2148 156 2178 pr.
176 2145 318 2168 maneret
327 2139 437 2168 Franc.

100 2184 177 2215 506.
192 2183 256 2213 Illa
275 2183 413 2224 quidem.
437 2185 530 2214 Hunc
544 2195 612 2215 ver-

665 1009 735 1028 sum
750 1004 901 1038 tanquam
919 1000 1076 1035 otiosum,
1096 1005 1128 1027 et
1151 1000 1234 1028 inter

665 1045 823 1083 graviora,
847 1055 917 1084 quae
939 1044 1130 1074 antecedunt
1144 1052 1175 1074 et
1191 1056 1235 1074 se-

664 1096 823 1127 quuntur,
857 1091 1097 1129 interpositum,
1130 1090 1236 1119 abesse

664 1143 713 1161 me
738 1135 847 1169 malle,
875 1136 952 1162 ol'un
975 1134 1233 1174 significaveram.

663 1178 841 1207 Brunekius
854 1189 919 1207 non
931 1180 1002 1208 satis
1010 1178 1134 1209 firmam
1149 1191 1237 1210 cans-

663 1233 727 1253 sam
746 1224 921 1263 reperiebat
933 1248 942 1261 ,
961 1235 1019 1255 cur
1039 1236 1111 1255 eum
1134 1232 1236 1265 poetae

664 1269 868 1307 abjudicaret.
888 1287 934 1292 ——-
948 1270 1099 1312 Frigida,
1118 1278 1235 1307 morte,

663 1321 751 1344 vecta
780 1321 866 1344 retro
894 1326 951 1355 per
980 1319 1119 1357 Stygem.
1154 1319 1236 1347 Mox

666 1361 727 1398 507
744 1371 786 1390 ex
807 1360 934 1396 ordine,
952 1364 1121 1392 continuos
1145 1363 1236 1392 intel—

663 1407 734 1447 lige.
755 1407 880 1436 Praeivit
893 1409 1058 1437 Lucretius
1072 1418 1080 1439 ε
1097 1413 1143 1438 est
1157 1405 1235 1445 ἐξῆς,

664 1450 803 1488 καθεξῆς.
821 1469 867 1475 --
891 1452 965 1492 509.
994 1454 1097 1483 Flesse
1122 1453 1181 1482 sibi
1206 1462 1238 1483 et

664 1501 757 1529 Rom.
778 1508 852 1527 cnm
873 1498 923 1529 ed.
952 1500 1032 1529 Ven.
1057 1500 1117 1529 Sub
1142 1499 1235 1529 astris

663 1544 746 1574 idem
765 1546 858 1574 Rom.
881 1551 912 1573 et
933 1546 1054 1584 aliquot
1072 1546 1124 1576 alii
1142 1547 1234 1576 Pierii

664 1600 737 1619 cuin
760 1589 810 1619 alt.
833 1591 959 1630 Meuag.
988 1597 1020 1619 et
1059 1592 1110 1622 alt.
1141 1594 1231 1621 Voss.

665 1636 760 1665 Goth.
780 1645 841 1665 sec.
854 1658 862 1672 ,
879 1643 916 1665 ut
940 1643 971 1665 et
993 1637 1029 1666 in
1051 1637 1232 1678 vulgaribus

663 1681 824 1710 nonnullis
838 1680 908 1711 edd.
918 1703 926 1717 ,
941 1682 1013 1710 satis
1031 1681 1122 1712 docte
1134 1704 1143 1719 ,
1159 1693 1232 1712 cum

661 1726 777 1767 gelidis
791 1726 844 1755 sub
855 1727 948 1756 astris
957 1727 994 1756 de
1002 1727 1157 1758 sideribus
1167 1739 1233 1768 sep-

663 1772 914 1802 temtrionalibus
926 1774 1025 1812 accipi
1038 1781 1143 1814 posset
1154 1797 1161 1811 ‚
1177 1774 1232 1804 sed

662 1828 732 1848 meo
748 1818 876 1858 quidem
896 1819 1018 1856 judicio
1029 1842 1038 1857 ,
1055 1821 1153 1850 Statio
1174 1820 1229 1850 ali-

662 1874 726 1903 quo
756 1871 810 1894 aut
834 1864 1007 1895 Claudiano
1031 1864 1167 1906 dignius,
1188 1867 1233 1896 At

662 1916 768 1939 tuetur
795 1909 906 1950 gelida
931 1918 1019 1940 astra
1047 1910 1172 1941 Wakef.
1200 1919 1232 1941 et

662 1957 789 1996 recepit.
816 1972 863 1978 --
892 1956 1069 1994 Evolvz'sse,
1098 1953 1230 1987 διαπτύ-

663 1999 723 2038 ξαι.
744 1999 910 2038 ἐξειλίσσειν
919 2025 927 2039 ,
939 2002 1006 2032 Izoec
1015 2025 1025 2039 ‚
1043 2013 1130 2032 casus
1144 2013 1229 2041 suos,

663 2049 824 2088 querendo
870 2059 1026 2079 enarrasse
1045 2059 1054 2085 ;
1082 2055 1119 2078 ut
1153 2050 1229 2079 Stat.

663 2093 763 2124 Theb.
780 2096 814 2132 Ι,
836 2106 853 2124 2
871 2102 977 2125 sontes
999 2095 1136 2124 evolvere
1154 2093 1229 2124 The-

664 2138 730 2169 bas.
745 2157 791 2164 —-
801 2141 877 2171 510.
892 2141 998 2182 Tigres
1006 2163 1015 2176 ,
1032 2142 1067 2170 in
1079 2140 1228 2177 Thracia,

665 2192 702 2215 ut
725 2194 816 2226 poeta
838 2194 1007 2224 memorat,
1027 2186 1084 2227 qui
1101 2196 1228 2227 geogra-
