1377 2428
539 67 662 97 LIBER
687 66 744 94 lv.

1167 59 1228 95 371

45 137 114 180 Ut,
135 144 251 183 quum
271 130 391 179 prima
413 127 502 163 novi
521 126 657 161 ducent
678 122 848 158 examina
866 133 971 169 reges

45 197 142 229 Vere
158 204 245 236 suo,
263 189 441 236 ludetque
462 186 554 221 favis
575 183 706 219 emissa
724 182 920 231 juventus,

43 254 176 291 Vicina
192 251 325 288 invitet
342 246 521 285 decedere
536 245 619 293 ripa
637 242 770 287 calori,

45 314 245 362 Obviaque
264 309 436 360 hospitiis
455 313 577 343 teneat
596 300 857 341 frondentibus
879 298 1001 335 arbos.

45 379 88 411 In
108 374 291 418 inedium,
310 384 375 408 seu
393 368 505 406 stabit
523 367 641 411 iners,
658 378 720 401 seu
744 361 907 412 profluet
923 360 1080 404 humor,
1204 366 1233 388 25

44 439 289 472 Transversas
309 431 436 468 salices
455 436 490 465 et
511 425 665 477 grandia
686 424 828 473 conjice
847 434 935 458 saxa
951 436 960 467 3

46 493 225 531 Pontibus
243 502 284 529 ut
305 491 446 528 crebris
467 488 609 539 possint
629 486 851 527 consistere,
871 491 906 518 ct
927 482 1001 517 alas

45 553 212 590 Pandere
230 551 276 588 ad
295 551 463 587 aestivuin
484 549 617 592 solem,
638 547 668 582 si
689 546 785 581 forte
801 541 981 579 morantis

46 612 251 662 Sparserit,
270 619 333 646 aut
354 622 520 659 praeceps
535 611 713 656 Neptuno
732 602 956 641 immerserit
971 602 1108 636 Eurus,

46 676 136 709 Haec
155 673 297 707 circum
314 670 421 706 casiae
441 668 599 713 virides,
619 676 655 703 et
676 665 813 702 olentia
831 664 903 699 late
1209 666 1237 688 30

47 730 236 779 Serpylla,
254 737 290 764 et
309 728 474 777 graviter
494 725 668 775 spirantis
687 723 795 772 eopia
815 719 1003 769 tliymbrae

52 790 220 834 Floreat,
239 789 506 837 inriguumque
525 785 656 822 bibant
677 782 832 819 violaria
853 780 1004 816 sontem.

46 911 203 947 Mediceo,
222 912 366 940 Romano
378 931 386 945 ,
408 908 539 947 aliisque
554 907 619 936 Pie·
666 902 892 945 possuntCud.
902 897 1138 931 Possuntetiam
1146 896 1243 928 Goth,

48 959 106 995 rii,
126 957 212 987 Gud.
233 967 249 985 a
271 967 313 986 m.
339 966 387 995 pr.
412 962 443 984 et
467 953 617 983 Rottend.

48 1010 118 1033 tert.
149 1003 255 1042 Vulgo
293 1012 401 1031 omnes
415 1023 423 1037 ,
450 999 617 1033 obumbret,

47 1049 134 1089 quod
156 1056 186 1078 et
209 1047 383 1078 Columella
402 1047 542 1087 agnoseit
561 1047 618 1080 lx,

51 1098 67 1125 5
83 1118 90 1132 ,
112 1101 131 1130 4
156 1102 186 1124 et
213 1096 315 1134 ipsum
346 1093 426 1122 bene
456 1103 488 1121 se
511 1091 619 1120 habet.

48 1141 164 1172 Eadem
180 1141 310 1169 varietas
326 1141 397 1169 AEn.
417 1140 474 1174 lx,
490 1138 544 1167 66.
555 1136 622 1166 Ad-

50 1187 170 1217 mnbret
185 1186 317 1216 Mentel.
336 1196 385 1225 pr.
401 1191 431 1214 et
446 1183 564 1213 Bodlei.
577 1201 623 1205 ——

51 1245 105 1270 21,
123 1245 177 1264 22.
205 1232 286 1262 Cum
314 1232 454 1271 primum
480 1229 623 1259 evolave-

50 1281 124 1309 rint.
142 1288 251 1307 —22.
281 1276 370 1305 Canis
394 1276 508 1305 emissa
539 1276 622 1312 conj.

51 1328 102 1356 Jo,
130 1323 294 1355 Schrader.
306 1345 314 1359 ‚
336 1333 402 1351 non
416 1323 507 1358 male,
524 1321 563 1350 de
582 1321 624 1350 al-

51 1372 147 1400 veari.
163 1372 284 1399 Verum
312 1376 343 1397 et
356 1367 434 1409 favi
462 1368 542 1397 hene
567 1377 625 1407 pro

52 1417 183 1453 eodem3
202 1426 277 1444 nam
299 1414 361 1444 favi
379 1425 444 1443 non
466 1413 562 1443 inodo
587 1413 625 1442 de

53 1463 155 1499 melle,
170 1472 280 1491 verum
297 1467 328 1490 et
341 1460 378 1489 de
395 1460 481 1489 cellis
495 1466 525 1489 et
538 1460 627 1489 locu-

53 1509 197 1540 lamentis
218 1530 226 1544 ‚
259 1514 362 1547 poetae
394 1506 558 1536 dicuntur.
581 1522 629 1527 —--

56 1558 136 1585 Vere
151 1565 217 1590 ιςιιο,
234 1554 295 1582 sibi
313 1559 401 1594 grato
417 1559 447 1581 et
457 1553 627 1593 aptissimo.

54 1604 154 1638 Serv„
170 1611 225 1629 seu
233 1610 297 1639 quo
306 1601 381 1639 ipsae
392 1605 473 1628 natae
486 1605 560 1627 sunt
576 1604 629 1626 aut

56 1647 221 1677 adolevere
233 1669 241 1683 ,
259 1656 363 1685 quove
384 1646 523 1685 primum
544 1644 629 1673 vola-

57 1700 126 1722 tum
159 1698 300 1728 tentant,
327 1692 514 1731 fructusque
541 1690 628 1720 colli-

58 1746 146 1780 gunt.
170 1756 216 1760 —-
243 1739 296 1767 23.
322 1737 483 1766 Dec-edere
507 1736 618 1773 calori,

59 1792 94 1814 ut
114 1784 201 1814 nocti
217 1794 311 1824 supra
334 1784 448 1824 Georg.
464 1785 529 1821 ΙΙΙ,
552 1783 629 1821 467.

59 1849 104 1853 --
137 1836 190 1865 24.
223 1829 458 1860 Pulcherrimus
492 1840 601 1858 rersus
617 1839 624 1858 :

60 1877 153 1906 arbos
177 1875 266 1905 obvia
290 1883 400 1905 teneat
420 1874 567 1915 bospitio,
598 1875 631 1905 h.

61 1923 208 1963 excipiat.

111 1969 164 1999 25.
192 1969 252 1997 Seu
275 1967 371 1996 stabit
396 1966 479 1996 iners
509 1965 629 2002 humor,

48 2019 99 2048 *in
112 2022 221 2056 stagno
237 2024 268 2043 v,
287 2014 339 2044 18.
361 2015 432 2042 Hoc
459 2012 543 2042 iners
566 2014 633 2042 sine

63 2067 173 2100 motu,
189 2070 247 2089 nee
273 2066 377 2089 tamen
401 2065 493 2099 putre
512 2069 547 2088 ae
571 2060 633 2088 situ

64 2113 271 2149 corruptum:
291 2105 377 2146 quod
401 2112 583 2134 aversantur
601 2116 631 2135 v.

67 2156 107 2192 48
125 2165 192 2195 sqq.
206 2170 254 2178 -—-
264 2162 318 2190 27.
330 2151 479 2182 Pontibus
498 2158 529 2179 et
542 2152 634 2180 Meu—

65 2202 118 2233 tel.
131 2208 203 2232 tert.
220 2202 297 2240 Reg.
315 2197 467 2229 Pontibus
479 2205 511 2227 ec
523 2197 636 2227 crebris

672 958 855 991 pins—29.
877 950 943 978 Aac
967 948 1069 976 Eurus
1090 953 1244 984 praeceps,

674 1003 787 1027 ventus
812 994 1037 1028 vehementior,
1054 1002 1127 1020 cum
1146 991 1245 1029 impe-

674 1050 710 1073 tu
728 1044 862 1078 irruens,
881 1038 1068 1069 immerserit
1081 1039 1242 1077 lVeptuno,

674 1099 771 1128 aquae.
788 1090 858 1117 Hoc
883 1097 958 1116 vero
976 1090 1020 1114 est
1038 1094 1104 1113 rem
1118 1090 1246 1112 tenuem

675 1133 864 1175 amplificare
879 1135 885 1163 l
907 1150 954 1155 ——
971 1129 1142 1161 Immiseric
1163 1138 1248 1157 unus

675 1181 779 1213 Mead.
796 1187 826 1210 et
844 1186 919 1209 vett.
932 1178 1002 1208 edd.

704 1229 754 1257 30.
762 1225 884 1255 Circam
894 1225 1049 1265 l1aec,quae
1058 1221 1154 1252 modo
1164 1230 1251 1250 enar-

676 1275 767 1309 ravit,
776 1274 855 1301 cirea
867 1273 980 1308 fontes,
989 1276 1019 1299 et
1028 1276 1146 1309 stagna,
1154 1277 1250 1296 amoe·

678 1331 718 1348 na
730 1326 819 1359 prata
833 1329 896 1347 esse
909 1315 1179 1350 ‹lebent.,Colum.
1191 1314 1250 1349 IX,

682 1366 711 1403 5,
725 1366 742 1393 6
760 1364 888 1394 Conseri
903 1363 1021 1392 deinde
1037 1361 1155 1391 debent
1167 1359 1253 1388 circa

680 1419 778 1440 totum
810 1409 968 1450 apiarium
994 1406 1180 1437 arbusculoe.
1207 1421 1253 1428 ·-

680 1460 726 1487 De
742 1456 830 1485 casia
853 1456 951 1485 herba
977 1453 1159 1489 coronaria,
1181 1451 1255 1481 alias

680 1503 869 1542 clv-melma,
891 1502 981 1540 cujus
1002 1500 1126 1529 fructus
1152 1498 1187 1528 in
1207 1498 1255 1527 os-

680 1549 784 1579 ficinis
800 1558 939 1589 granum
963 1546 1108 1576 Cnidium
1120 1568 1128 1582 ‚
1152 1544 1256 1574 moni-

681 1602 751 1625 tum
766 1596 831 1634 jam
851 1601 896 1624 est
918 1593 958 1623 ad
980 1594 1037 1623 Ge.
1055 1594 1104 1628 II,
1123 1592 1200 1627 213,
1217 1590 1256 1620 de

683 1641 819 1681 serpyllo
835 1640 874 1670 ad
888 1641 954 1670 Eel.
974 1641 1016 1676 ΙΙ,
1036 1650 1047 1668 1
1058 1649 1093 1676 13
1110 1636 1256 1676 thymbra

683 1688 790 1717 eadem
801 1698 872 1727 quae
882 1687 1027 1722 satureia,
1043 1685 1076 1714 la
1093 1683 1256 1719 sarriette‚

685 1741 739 1764 aut
762 1734 901 1771 ejusdem
923 1733 1031 1761 saltem
1055 1730 1186 1771 generis.
1214 1729 1255 1759 cf.

684 1781 814 1810 Martia.
830 1780 940 1809 —32
964 1780 1004 1807 Et
1027 1776 1120 1806 violae
1140 1785 1257 1815 prove-

685 1828 776 1856 uiant
788 1836 797 1863 3
815 1833 845 1855 at
859 1835 951 1866 quam
963 1824 1089 1853 ornate!
1104 1821 1256 1850 Imitatio-

685 1884 725 1902 ne
744 1873 897 1912 expressit
910 1866 1102 1901 Claudianus
1114 1867 1258 1897 XXXVI

686 1919 742 1960 (de
756 1921 849 1958 Rapt.
863 1920 1007 1957 Pros'erp.
1022 1915 1079 1945 lib.
1094 1915 1143 1943 III
1151 1911 1174 1953 ),
1191 1913 1256 1942 233

680 1965 790 2005 prima
812 1963 866 1993 sub
894 1963 977 1999 luce,
995 1971 1066 1992 cum
1089 1970 1160 1990 rore
1174 1969 1257 1988 sere-

687 2022 744 2040 nus
758 2010 854 2041 Albet
865 2020 944 2051 ager
955 2016 1141 2049 sparsosque
1151 2004 1261 2034 bibam

685 2056 827 2087 violaria
853 2066 968 2086 succos.
998 2056 1029 2084 V
1027 2051 1146 2083 iolaria
1153 2074 1163 2089 ,
1187 2051 1259 2081 loca

686 2104 780 2133 violis
808 2103 926 2133 consita
937 2125 946 2140 ,
960 2101 992 2131 h.
1026 2100 1048 2130 1.
1076 2109 1136 2140 pro
1165 2097 1258 2127 violis

687 2156 821 2189 possunt
844 2149 953 2189 accipi.
980 2146 1154 2188 Irriguum,
1179 2144 1219 2174 h..
1233 2143 1255 2180 l,

687 2197 743 2235 qui
768 2196 885 2236 irrigat.
