1408 2428
616 72 741 102 LIBER
766 73 791 101 Ι.

111 135 235 179 Atque
250 129 354 166 illum
371 129 409 164 in
425 140 592 178 praeceps
613 140 734 176 prono
754 130 853 178 rapit
873 129 1000 166 alveus
1018 132 1128 167 amni.

163 192 348 225 Praeterea
365 196 440 223 tam
455 195 540 223 sunt
557 187 714 223 Arcturi
729 187 853 224 sidera
873 187 982 225 nobis
993 216 1003 234 ‚

111 249 393 297 Haedorumque
401 246 492 295 ,dies
509 246 697 293 servandi,
713 256 750 283 et
768 247 914 285 lucidus
930 249 1089 298 Anguis,
1252 261 1298 283 205

112 313 235 354 Quam
251 308 387 358 quibus
404 308 442 344 in
458 307 620 356 patriam
641 316 796 344 ventosa
813 322 881 358 per
897 321 1050 358 aequora
1065 311 1181 347 vectis

111 371 250 405 Pontus
272 376 309 403 et
324 367 490 404 ostriferi
505 367 630 404 fauces
646 376 837 404 tentantur
851 368 990 417 Abydi.

111 428 226 465 Libra
244 427 305 464 die
320 428 517 477 somnique
534 440 643 477 pares
663 427 730 464 ubi
752 427 882 464 fecerit
898 427 1029 473 horas,

108 572 206 613 mig-io
229 571 313 601 Leid.
340 582 387 611 pr.
403 589 449 592 —
468 572 543 600 203.
569 572 675 610 Atque

103 619 167 656 jam
178 618 258 648 Gell.
270 620 301 647 X
310 640 317 654 ‚
331 628 372 656 29
385 624 415 646 et
425 619 509 647 Serv.
526 617 676 656 interpre-

106 665 162 693 tati
174 671 264 700 sunt,
278 663 395 693 statim.
411 662 496 692 conf.
513 664 620 692 Burm.
637 664 676 691 Et

106 717 151 739 est
161 709 246 738 haud
255 709 350 738 dubie
360 720 394 738 ea
406 709 534 748 antiqua
542 708 676 747 loquen-

106 755 139 784 di
155 756 244 785 ratio.
263 756 312 786 Sic
330 756 365 784 in
382 756 463 791 XII,
483 753 569 783 tabb.
588 753 623 782 Si
640 753 673 782 in

98 801 152 841 jus
162 808 271 838 vocat,
281 809 376 840 acque
386 807 448 836 eat,
459 799 515 828 ubi
524 810 554 828 v.
567 800 672 838 Intpp.

104 848 172 877 Nisi
188 854 290 876 tamen
308 846 485 876 auctoritati
500 844 674 884 parendum

104 900 195 932 putes
220 903 228 923 :
253 894 294 922 ita
323 892 424 920 facere
455 900 581 920 necesse
607 900 674 920 non

104 938 204 976 duco,
219 938 313 968 modo
337 937 480 977 suppleas
495 946 502 966 :
520 937 596 966 Non
611 936 671 965 ali-

104 992 164 1020 ter,
183 995 278 1024 quam
301 983 326 1013 is
345 990 426 1012 retro
446 983 607 1022 sublapsus
624 993 671 1011 re-

94 1029 214 1070 fertur,
244 1031 300 1070 qm'
328 1030 486 1070 navigium
516 1030 595 1069 agit,
625 1046 671 1050 —-

103 1084 199 1116 atque
223 1076 311 1106 illam
340 1075 373 1104 in
401 1085 545 1115 praeceps
565 1086 670 1114 prono

101 1122 187 1161 rapit
197 1122 302 1152 alveus
320 1121 420 1151 amni.
437 1123 519 1158 Aut,
535 1121 561 1150 si
576 1122 671 1161 magis

101 1169 194 1197 etiam
209 1168 335 1198 subtilia
355 1174 459 1208 captes
475 1176 482 1197 :
498 1177 562 1196 non
577 1167 672 1196 aliter

99 1217 196 1254 quain
214 1214 336 1243 lembus
354 1213 500 1253 reserent,
517 1213 545 1241 si
558 1212 598 1247 is,
616 1212 671 1252 qui

100 1259 229 1289 adverso
242 1259 306 1288 vix
315 1257 458 1301 flumine
481 1268 552 1287 eum
573 1258 667 1287 remi-

96 1305 160 1346 giis
174 1305 293 1345 subigit
300 1328 309 1341 ‚
329 1303 458 1334 brachia
463 1303 553 1345 force
572 1304 666 1333 remi-

99 1351 155 1387 sit,
172 1359 266 1391 atque
281 1351 371 1380 illum
386 1350 528 1379 lembum
542 1350 574 1378 in
584 1361 668 1389 prce-

99 1407 170 1436 σερε
197 1396 283 1436 rapit
309 1396 414 1426 amnis
435 1406 539 1434 prono
566 1396 666 1424 alveo.

98 1443 184 1472 Malo
200 1442 290 1482 sequi
308 1441 509 1481 simpliciora.
528 1457 574 1464 --
594 1442 669 1470 Tra—

99 1488 147 1517 hit
164 1490 298 1518 Roman.

147 1540 223 1569 204.
248 1533 407 1574 Agricolis
424 1532 563 1561 siderum
574 1539 668 1561 ortus

97 1586 127 1609 et
153 1589 281 1609 occasus
301 1590 368 1608 non
388 1588 493 1607 minus
514 1585 588 1607 sunt
605 1588 668 1607 ser-

97 1625 191 1654 vandi
201 1635 296 1665 quam
306 1623 542 1665 navigantibus;
560 1634 589 1653 v,
608 1624 668 1653 Co-

96 1671 174 1701 lum.
193 1673 257 1707 XI,
277 1682 291 1709 7
304 1693 312 1707 ‚
331 1672 383 1700 31.
402 1672 472 1700 Hoc
491 1676 606 1699 ornat:
629 1670 667 1698 iis

96 1719 152 1757 qm'
171 1718 205 1745 in
227 1719 365 1747 Pontum
379 1723 410 1746 et
425 1715 666 1755 Hellespontum

96 1763 252 1803 navigant.
271 1764 407 1792 Tentare
422 1769 468 1791 est
482 1761 566 1791 adire
582 1771 589 1791 :
606 1762 663 1792 Ge.

97 1809 160 1845 111,
187 1809 204 1836 8
234 1808 405 1838 Tentanda
426 1807 487 1837 via
514 1815 560 1836 est
583 1814 661 1844 etc.,

96 1864 285 1894 quamquam
303 1855 430 1894 proprie
449 1853 487 1883 ad
500 1855 560 1883 iter
575 1855 663 1894 igno-

94 1906 162 1929 tum
171 1906 201 1928 et
207 1900 421 1939 periculosum
429 1899 538 1930 referri
544 1900 663 1929 debuit.

93 1945 210 1975 Maluit
235 1956 408 1975 memorare
433 1945 599 1974 redeuntes
630 1946 665 1974 iu

92 1991 242 2031 patriam,
262 2001 355 2031 quam
372 1992 433 2020 iter
450 1991 662 2031 longinquum

93 2037 259 2066 facientes:
277 2037 310 2066 in
316 2036 460 2077 patriam
472 2036 589 2072 vectis,
612 2046 661 2065 re-

93 2082 266 2112 deuntibus
289 2093 329 2112 ex
344 2085 446 2113 Ponto
464 2083 592 2112 Euxino
606 2092 662 2122 per

93 2128 335 2169 Hellespontum
363 2129 397 2158 in
410 2139 496 2158 mare
518 2130 660 2169 AEgeum.

93 2192 139 2198 —-
149 2185 226 2214 207.
237 2177 352 2206 Fontes
361 2185 420 2215 pro
424 2173 542 2216 fauces
551 2175 662 2205 vitiose

728 573 808 601 Ven.
824 589 870 593 —
889 570 1020 609 Abydus
1038 572 1147 600 ostreis
1170 572 1296 602 nobilis.

728 627 758 646 v,
775 618 798 646 F
801 617 866 646 ulv.
882 618 1016 646 Ursinus
1031 623 1061 646 et
1076 617 1190 654 Cerda3
1205 620 1298 648 etiam

728 669 834 692 nostra
854 669 962 692 aetate:
985 674 1016 692 v.
1037 663 1128 703 Guys
1147 664 1299 706 (Voyage

729 707 880 738 lz'tte'raire
899 708 938 737 de
957 708 990 737 la
1017 709 1116 738 Grece
1141 716 1162 739 t.
1191 711 1238 747 ΙΙ,
1265 722 1296 751 p.

730 754 793 783 238
806 753 828 793 ).
844 756 892 784 Ex
908 753 1065 783 sideribus
1080 765 1155 784 vero
1171 758 1297 795 poetico

727 810 815 828 inore
842 799 1000 839 sigillatim
1027 799 1147 839 aliquot
1175 809 1299 841 septen—

727 845 871 874 trionalia
882 852 1060 882 enumerat,
1075 856 1213 885 quornm
1225 858 1297 877 cum

727 897 800 920 ortu
812 891 959 931 procellae
972 892 1136 933 ingruunt.
1150 893 1296 922 Ceterum

725 937 845 966 Plinius
875 937 912 966 ad
938 936 970 967 h.
1002 937 1023 967 l.
1056 939 1194 977 respexit
1223 939 1295 968 libr.

724 984 851 1020 XVIII,
867 991 942 1013 sect.
963 983 1004 1012 56
1029 991 1059 1013 et
1076 994 1219 1022 omnem,
1240 987 1295 1025 qui

724 1030 883 1068 sequitur,
915 1030 1023 1059 locuni
1049 1028 1087 1058 de
1116 1037 1295 1070 temporum

724 1074 944 1105 observatione
968 1082 1112 1105 accurate
1131 1083 1202 1105 ante
1229 1078 1297 1106 Ma-

724 1131 834 1150 ronem
850 1128 1036 1151 tractaverat
1048 1124 1150 1151 Varro
1167 1124 1204 1152 R.
1217 1124 1255 1152 R.
1270 1124 1295 1156 J,

725 1168 871 1205 27—37‚
883 1178 978 1208 quem
1007 1169 1140 1197 omnino
1168 1167 1207 1197 ad
1232 1179 1295 1197 ma-

721 1222 783 1240 nus
798 1212 911 1242 habeas
925 1215 960 1242 in
974 1216 1108 1244 Marone
1126 1214 1270 1254 legendo.

770 1259 963 1294 208—214.
982 1259 1043 1287 Die
1072 1258 1190 1288 Medic.
1221 1270 1293 1288 cuin

722 1305 833 1333 ceteris
845 1303 937 1334 codd.
954 1304 1114 1334 Charisius
1127 1311 1236 1333 contra
1251 1305 1298 1334 dii

720 1349 815 1378 fuisse
843 1351 997 1390 scriptum
1023 1349 1205 1387 contendit3
1237 1353 1294 1379 sci-

722 1395 795 1424 licet
818 1394 886 1425 diei
910 1402 1071 1425 contracte
1098 1395 1194 1425 modo
1224 1396 1293 1433 die,

723 1440 819 1470 modo
838 1440 886 1469 dii
901 1442 1154 1481 pronuntiatum.
1174 1441 1295 1471 Gellius

722 1496 798 1515 vero
818 1487 880 1522 IX,
906 1492 963 1523 14,
982 1487 1020 1515 iis
1041 1486 1167 1516 credere
1183 1498 1214 1516 se
1234 1489 1292 1523 ait,

721 1532 778 1570 qui
796 1531 863 1560 dies
879 1533 914 1561 in
929 1532 998 1572 ipso
1018 1533 1144 1574 Virgilii
1161 1543 1291 1574 apogra—

721 1578 786 1617 pho
821 1577 940 1607 lectum
976 1578 1070 1607 fuisse
1116 1579 1291 1614 traderent,

722 1633 796 1652 cum
809 1624 931 1663 antiqui
945 1623 1056 1654 eodem
1071 1623 1167 1654 modo
1181 1635 1292 1654 secun-

721 1669 797 1698 dum
814 1679 921 1699 casnm
938 1670 1121 1700 extulerint.
1136 1687 1183 1693 ——-
1195 1672 1290 1700 Fece-

718 1723 771 1746 rat
793 1715 915 1746 Zuh'ch.
943 1733 990 1739 —-
1014 1716 1067 1746 Ab
1097 1710 1320 1777 aequinoctio}

720 1762 914 1792 auctumnah'
939 1772 1041 1802 usqne
1065 1761 1103 1792 ad
1125 1762 1286 1793 brumam.

718 1808 887 1838 solstitium
901 1807 1060 1845 brumale,
1073 1808 1187 1837 hordei
1200 1809 1289 1837 satio·
1310 1818 1318 1839 ι

718 1865 790 1883 nem
804 1865 869 1884 esse
878 1855 929 1884 ait.
941 1853 1149 1884 Pulchritudo
1158 1854 1222 1883 loci
1230 1877 1238 1892 ,
1250 1865 1289 1883 ex

717 1900 818 1929 forma
835 1901 931 1941 signi,
955 1899 1073 1936 Librae,
1092 1900 1206 1940 petita,
1232 1900 1288 1930 ob-

718 1947 783 1982 via,
803 1956 897 1985 quam
921 1945 1014 1975 multi
1031 1945 1184 1975 imitando
1210 1956 1287 1976 asse-

717 1993 774 2030 qui
787 1991 994 2028 studuerunt‚
1010 1992 1154 2031 inprimis
1168 1994 1285 2022 Lucan.

715 2038 772 2074 IV,
789 2037 842 2074 53,
859 2038 1024 2076 593V111‚
1037 2037 1114 2076 467,
1130 2038 1213 2078 4693
1227 2039 1285 2069 Co-

714 2082 792 2113 lum.
812 2085 859 2120 X,
882 2089 921 2118 42
946 2083 1023 2112 Cum
1038 2083 1171 2123 paribus
1187 2084 1282 2114 Titan

715 2128 820 2158 orbem
835 2128 994 2159 libraverit
1009 2129 1103 2160 horis.
1122 2132 1219 2161 Horae
1235 2141 1286 2160 au-

715 2181 778 2204 tem
788 2185 902 2215 pares,
915 2177 989 2216 quia
1004 2175 1070 2206 dies
1084 2182 1147 2206 tam
1161 2177 1287 2207 aestivus
