1408 2428
583 95 701 125 LIBER
726 95 767 124 11.

1204 98 1268 136 269

85 154 275 206 Praecipue
292 155 381 192 dum
399 154 500 190 frons
521 162 648 189 tenera
666 151 958 202 imprudensque
974 152 1146 191 laborum
1161 170 1168 190 :

85 215 173 259 Cui,
193 228 305 263 supcr
321 213 490 262 indignas
506 212 646 248 hiemes
663 212 853 261 solemque
868 222 1077 262 potentem,

87 275 281 310 Silvestres
297 275 356 310 uri
374 272 529 309 adsidue
550 285 769 321 capreaeque
789 285 966 321 sequaces

87 333 271 379 Illudunt‚
286 341 489 382 pascuntur
507 344 595 368 oves
617 331 811 380 avidaeque
823 332 1004 381 juvencae.

1223 341 1270 374 375

88 392 242 440 Frigora
260 405 328 427 nec
346 399 490 427 tantum
507 404 598 427 cana
616 400 791 427 concreta
807 391 960 439 pruina,

87 453 163 486 Aut
180 450 302 499 gravis
316 449 534 486 incumbens
556 450 718 499 scopulis
735 449 926 486 arentibus
945 458 1063 495 aestas,

88 609 132 615 ——
152 592 336 621 Tenendum
351 602 464 632 pecus,
494 592 528 621 h.
550 593 651 621 conti-

87 637 226 667 nendum
238 661 246 675 ,
263 638 489 673 coercendum,
505 648 569 677 quo
584 639 652 677 ipso

86 682 224 712 efficitur
255 684 381 724 vulgata
413 685 629 723 interpretatio
643 705 652 720 ,

87 729 258 758 arcendum
269 751 277 766 ,
301 740 365 768 quo
391 730 548 759 vocabulo
572 729 652 759 Plin.

86 775 119 804 in
136 775 245 805 eodem
258 783 416 815 praecepto
430 777 531 804 utitur
540 776 633 805 XVII
643 796 653 811 ‚

90 831 130 850 22
144 844 152 855 ,
179 832 203 850 S.
239 821 299 856 35,
332 831 382 858 17.
409 838 454 843 -
479 823 555 858 371.
581 822 654 850 Post

86 867 257 895 tenendum
268 889 277 903 ‚
298 866 391 907 vulgo
406 875 451 896 esc
463 867 651 907 appositum.

89 929 134 934 —
146 914 162 941 3
170 924 183 950 7
191 923 220 942 2.
233 915 391 941 Proeeerea
403 924 497 952 quum
505 912 600 953 frons
611 919 651 941 te-

89 969 185 994 nera,
203 958 326 988 Nonius
344 959 377 987 in
387 957 493 998 fivns.
507 959 650 988 Servium

78 1002 175 1044 sruus
190 1004 298 1043 legisse
315 1003 461 1033 credebat
477 1006 648 1034 Burmann.

86 1056 118 1078 et
136 1049 258 1080 Wakef.
284 1049 323 1078 ad
344 1052 465 1079 Lucret.
492 1051 523 1079 11
536 1072 543 1085 ‚
573 1050 649 1088 596.

90 1112 136 1118 --
157 1097 255 1125 Frons
281 1094 461 1135 imprudens
489 1095 630 1124 laborum
641 1118 650 1131 ‚

88 1140 120 1170 h.
136 1141 264 1170 frondes
278 1142 394 1182 ignarae
409 1149 439 1171 et
456 1142 652 1181 impatientes

88 1187 223 1225 injuriae,
237 1197 278 1216 ex
286 1187 379 1216 dente
388 1187 576 1227 pecudiS.—-—
587 1188 604 1216 3
611 1198 626 1224 7
635 1189 650 1215 ‘5

90 1233 214 1272 --379.
229 1232 287 1262 Cui
295 1233 399 1262 frondi
412 1233 562 1269 illudunt,
573 1243 653 1261 eam-

86 1289 149 1318 que
159 1278 372 1319 depascuntur
381 1289 488 1318 super,
501 1289 556 1308 seu
566 1278 651 1318 plus-

86 1335 180 1364 quam
190 1347 197 1360 ‚
211 1335 265 1354 seu
277 1330 400 1364 praeter.
411 1325 483 1354 Plus
494 1334 589 1364 quam
601 1323 653 1352 fri-

87 1371 171 1410 goris
191 1371 235 1398 vis
249 1377 279 1398 et
296 1370 369 1398 solis
381 1371 520 1409 potentia
530 1391 538 1403 ,
555 1369 586 1398 h.
599 1379 652 1398 aes-

87 1421 147 1450 tus,
159 1421 275 1445 nocent
283 1415 401 1444 vitibus
410 1415 543 1444 novellis
555 1414 651 1444 boves

87 1467 220 1501 agrestes
236 1467 267 1490 et
283 1470 401 1500 capreae
416 1467 447 1489 et
464 1467 574 1489 ceterae
596 1469 649 1500 pe-

87 1505 192 1536 eudes.
206 1505 354 1546 Indignce
363 1505 490 1536 hiemes.
501 1506 651 1545 Quisquis

87 1552 238 1592 indigna,
260 1551 291 1581 h.
311 1552 427 1591 quibus
443 1551 556 1593 dignus
575 1551 651 1580 alter

86 1608 152 1627 non
165 1604 229 1634 est,
255 1607 326 1637 quae
340 1597 495 1627 immerito
513 1598 631 1637 patitur
641 1619 649 1631 ‚

87 1644 280 1683 omninoque
295 1642 373 1672 dura
384 1666 392 1678 ,
411 1653 490 1672 saeva
501 1665 508 1679 ‚
523 1643 648 1680 injusta,

87 1690 255 1727 injuriosa,
283 1689 357 1718 facit
367 1711 376 1725 ‚
403 1695 458 1718 aut
480 1689 550 1718 talia
572 1688 649 1726 sert,

87 1745 160 1764 eum
172 1741 273 1774 poetae
288 1734 457 1775 indignum
476 1733 650 1775 appellant:

89 1782 173 1810 conf.
199 1781 264 1811 Ecl.
282 1783 332 1816 X,
365 1791 404 1810 10
430 1780 564 1821 indiguo
581 1790 650 1809 cum

91 1827 202 1856 Gallus
211 1836 320 1856 amore
327 1826 456 1866 periret.
466 1828 576 1866 Itaque
592 1825 654 1855 hie-

91 1882 155 1900 mes
184 1871 327 1912 indignae
350 1872 382 1902 h.
395 1872 417 1902 l.
438 1878 520 1902 recte
544 1882 561 1900 a
587 1873 653 1901 Ser-

90 1919 142 1946 vio
166 1917 364 1957 explicantur
389 1927 491 1947 saevoe.
510 1935 557 1941 —-
576 1917 652 1955 373.

93 1963 259 2002 Solemque
275 1970 430 2002 tepentem
452 1965 575 2004 Menag.
599 1963 650 1994 alt.

90 2019 149 2048 pro
167 2008 289 2038 diversa
310 2008 382 2038 lect'.
403 2025 450 2031 ——-
473 2010 549 2046 374.
577 2011 653 2039 Uros

44 2065 53 2072 ·
90 2056 218 2094 proprie
234 2054 334 2083 dictos
347 2055 382 2083 in
394 2054 481 2084 Italia
490 2055 594 2084 nullos
606 2065 653 2084 es-

91 2111 122 2129 se
137 2101 209 2130 satis
222 2106 354 2130 constat.
375 2101 544 2141 Hercyuiae
568 2101 654 2130 silvae

90 2146 275 2177 solitudines
287 2146 343 2176 illo
353 2153 492 2187 tempore
501 2158 553 2177 eos
566 2147 654 2176 iuco-

90 2191 185 2222 luisse
199 2203 215 2222 e
229 2193 347 2223 Caesare
366 2199 496 2222 constat.
511 2194 555 2223 At
572 2193 655 2222 enim

698 592 755 621 ‘vel
768 602 808 620 ex
826 591 882 621 lib.
901 593 947 620 111
959 615 966 628 ,
993 603 1022 622 v.
1043 593 1105 621 532
1127 594 1271 624 manifes-

705 643 773 666 tum
795 644 858 672 est,
887 648 956 666 uros
979 645 1079 677 poetae
1102 640 1272 679 improprie

704 681 807 712 dictos
823 694 887 712 esse
900 694 959 723 pro
975 684 1046 712 feris
1061 684 1181 720 bubus,
1197 696 1272 724 qna-

706 728 752 758 les
776 729 863 758 Italia
886 740 973 758 nunc
1001 731 1129 759 nomine
1155 730 1273 770 Basulo

707 775 893 814 frequentat.
921 777 975 804 Est
1001 783 1106 805 autem
1134 776 1272 806 Babulus

707 821 856 849 cornibus
871 822 1054 859 compressis
1065 844 1072 857 ,
1090 832 1215 850 sursum
1228 833 1273 851 re-

705 867 874 906 supinatis,
897 866 999 895 fronte
1016 868 1125 906 crispa.
1142 867 1272 906 Caprea?

705 922 854 951 sequaces
868 913 988 951 poetica
1008 912 1158 952 elegantia
1169 935 1177 948 ‚
1202 924 1273 953 quae

703 958 781 987 vites
797 959 1008 993 insectantur,
1025 966 1271 998 persequuntur,

703 1010 739 1032 ut
754 1005 878 1033 Servius
892 1003 1012 1040 reddit,
1038 1003 1121 1033 unde
1136 1014 1184 1044 ap.
1207 1006 1273 1034 Ho-

703 1056 760 1079 rat.
786 1051 815 1078 11
839 1052 900 1079 Sat.
920 1051 976 1086 IV,
998 1051 1037 1085 43
1061 1049 1164 1078 Vinea
1188 1060 1270 1080 sum-

706 1095 802 1124 mittit
822 1106 954 1135 capreas
976 1106 1039 1124 non
1059 1105 1181 1134 semper
1198 1096 1272 1125 edu-

706 1142 760 1171 les,
783 1142 864 1171 Mox
888 1141 997 1171 eadem
1015 1142 1076 1170 fere
1097 1143 1146 1177 vi,
1169 1142 1271 1171 avidae

700 1186 861 1227 juvencae.
872 1205 917 1209 —-
929 1189 967 1224 37
976 1188 1004 1217 5.
1019 1187 1161 1216 Illudunt
1169 1188 1270 1217 multo

706 1231 934 1272 significantius
953 1243 1044 1272 quani
1061 1232 1192 1268 laedunt,
1212 1243 1270 1262 110—

707 1289 744 1307 va
769 1284 916 1317 tanquam
938 1278 1119 1317 petulantiae
1137 1284 1168 1307 et
1188 1279 1272 1316 inju-

704 1324 759 1353 riae
773 1325 903 1353 notione
921 1323 1065 1361 adjuncta
1076 1346 1083 1360 ‚
1102 1331 1138 1353 ut
1153 1324 1270 1363 Georg.

705 1370 737 1406 I,
764 1370 799 1398 18
810 1379 821 1398 1
842 1371 919 1398 Tum
932 1369 1036 1398 varioe
1053 1369 1191 1398 illudunt
1199 1380 1270 1408 pes-

705 1422 760 1444 tes.
790 1416 829 1444 Et
851 1416 1062 1444 communiter
1088 1416 1188 1455 capris
1216 1417 1270 1444 tri-

704 1459 814 1489 buitur
828 1461 953 1489 lascivia
964 1483 972 1495 ,
992 1460 1174 1500 petulantia.
1191 1463 1269 1489 Pas-

703 1512 816 1534 cuntur
828 1517 897 1534 oves
907 1528 915 1541 ‚
939 1507 1031 1534 etiam
1043 1528 1051 1542 ‚
1073 1517 1145 1535 cum
1161 1506 1270 1546 depas-

705 1557 791 1587 cunt,
806 1551 883 1580 dum
895 1551 1021 1580 frondes
1036 1559 1171 1592 carpunt
1183 1563 1268 1583 oveS.

703 1614 750 1618 —
765 1597 900 1626 Illidunc
924 1596 996 1627 Ald.
1020 1608 1068 1637 pr.
1095 1608 1166 1626 aves
1182 1597 1267 1628 Gud.

705 1653 721 1672 a
735 1643 822 1672 Man.
837 1654 885 1682 pr.

753 1689 828 1726 376.
846 1689 951 1725 Idem,
969 1690 1056 1728 quod
1071 1688 1166 1718 modo
1184 1689 1269 1719 dixe-

704 1740 752 1764 rat
761 1757 768 1771 ,
783 1736 907 1776 gravius
923 1746 957 1763 ac
970 1735 1114 1764 disertius
1127 1736 1269 1774 exponit.

705 1782 773 1811 ,Nec
780 1780 908 1822 frigora
926 1789 1073 1810 concreta
1090 1780 1269 1822 (tributum

695 1825 817 1867 frigori
845 1827 1025 1867 epitheton,
1057 1825 1143 1866 quod
1176 1826 1270 1855 rebus

705 1873 832 1913 proprie
842 1874 991 1902 convenit
1001 1883 1055 1911 per
1064 1872 1187 1912 frigoris
1197 1878 1273 1900 tem-

705 1925 854 1958 pestatem
869 1919 1037 1959 congelatis
1051 1925 1081 1947 et
1094 1915 1271 1959 adstrictis.)

706 1974 841 1993 nocuere
868 1971 990 1993 tantum
1008 1963 1129 2003 pruina
1158 1973 1243 1992 cana
1258 1986 1267 1998 ‚

705 2015 824 2039 nocent
836 2016 958 2039 tantum
968 2010 1098 2050 gelu.—-
1109 2011 1147 2047 37
1155 2019 1184 2046 7.
1196 2010 1272 2038 Her-

707 2055 753 2084 bis
782 2055 939 2085 urentibus
964 2055 1060 2086 Goth.
1090 2054 1271 2085 ardentibus

707 2103 816 2131 Franc.
845 2108 875 2131 et
901 2102 1078 2142 Cantabrig.
1093 2119 1138 2124 —-
1161 2100 1271 2130 Gravis

708 2154 821 2183 aestas,
857 2148 985 2177 molesta
1001 2170 1009 2184 ‚
1040 2149 1181 2177 exitiosa.
1200 2147 1270 2175 Sco-

702 2192 775 2232 puli
783 2201 917 2230 mentm,
931 2194 1046 2234 quibus
1057 2201 1143 2223 aestas
1153 2193 1272 2222 incum-

1085 2256 1151 2293 23*
