1408 2428
627 82 747 114 LIBER
772 83 795 113 1.
1247 79 1305 115 η]

119 139 334 190 Gnosiaque
350 139 514 178 ardentis
535 140 691 179 decedat
710 142 814 179 stella
834 136 1010 187 Coronae,

118 266 234 295 dentur
254 266 360 308 Gud.)
377 267 557 306 matutinae,
581 268 613 299 h.
630 279 682 298 oc-

120 312 231 342 cidunt
248 314 404 344 matutino
418 320 576 353 tempore,
592 325 683 344 mane

119 359 406 400 snblnergunturin
416 360 603 390 occidentali
616 372 683 401 par-

121 411 170 442 te,
193 405 270 434 dum
293 406 340 436 sol
358 407 476 435 interea
496 407 535 436 ab
562 409 683 438 oriente

120 452 260 491 emergit.
289 452 534 482 Absconduntur
556 461 680 489 aulem,

122 498 163 527 ita
186 496 318 527 laudatis
341 500 445 528 serbis
468 506 568 538 poetae
586 501 687 529 nostri

120 544 413 583 interpretationem
435 545 599 587 subjungit
625 546 686 575 Co-

122 589 248 619 lumella
263 592 304 627 II,
326 591 343 619 8
369 601 381 620 ι
398 591 499 620 altero
516 599 547 621 ec
563 591 684 632 trigesi-

124 646 175 665 mo
193 636 245 666 die
265 644 340 677 post
362 638 567 667 aucemnnale
588 638 685 678 (equi-

125 682 263 711 noctium
279 682 441 724 quodfere
453 683 618 726 conficitur
631 695 686 713 no-

126 739 168 757 ηο
189 728 257 758 Cal.
274 729 414 759 Octobris
433 738 587 770 :propter
602 731 690 770 quod

125 773 265 815 intelligi
283 775 375 805 debet
398 776 494 805 tritici
516 776 597 806 satio
622 777 687 805 die-

125 831 193 849 rum
209 831 268 850 sex
288 829 319 850 ec
340 821 557 863 quadraginta
575 822 615 851 ab
637 834 687 851 oc-

92 893 93 897 ,
125 877 199 895 casu
222 867 448 907 Vergiliarum,
471 867 528 907 qui
542 867 590 896 ·sit
607 878 637 897 α.
655 868 686 898 d.

98 912 103 947 J
128 913 181 942 IX
192 913 326 942 Calend.
340 913 490 943 Novemb.
505 913 551 942 ad
571 913 688 943 brumoe

98 962 103 986 ς’
125 964 277 999 tempora.
306 959 489 989 Columellae
518 967 688 990 sementem

125 1005 217 1034 etiam
251 1005 329 1034 citra
358 1006 423 1036 Cal.
453 1006 585 1036 Octobr.
620 1006 689 1036 fieri

124 1050 234 1090 placet.
249 1051 309 1081 Sed
324 1063 354 1081 v,
373 1052 435 1082 loc.
455 1052 542 1081 Idem
561 1052 616 1082 lib.
630 1054 686 1090 XI,

127 1107 158 1135 2,
180 1108 232 1136 77,
255 1099 346 1127 XIII
358 1100 430 1128 XII
451 1098 519 1128 Cal.
536 1099 686 1130 AVovemb.

124 1143 199 1173 eolis
225 1151 337 1174 eoeortu
354 1146 385 1172 V
383 1144 504 1185 ergilice
531 1144 688 1184 incipiunt

125 1188 267 1220 occidere
280 1202 293 1226 ;
317 1198 534 1231 tempestatem
565 1191 686 1233 signifi-

125 1243 188 1267 cat.
204 1253 249 1259 —-
267 1238 298 1264 V
311 1237 380 1267 Cal.
396 1237 561 1267 IVovembr.
578 1237 688 1278 Vergi-

124 1281 178 1315 Iice
202 1282 359 1313 occidunt.
388 1283 468 1314 Plin.
493 1285 622 1321 XVILI,
646 1283 687 1313 56

129 1327 213 1371 (24)
230 1329 380 1370 Virgilius
401 1329 536 1359 tricicum
551 1323 650 1370 ec'far
667 1340 688 1359 a

127 1378 155 1404 V
156 1374 339 1415 ergiliarwn
361 1387 474 1405 occasu
495 1375 558 1404 seri
573 1375 664 1415 jabet
677 1386 688 1404 .·

125 1420 277 1452 hordeum
288 1422 371 1451 inter
378 1420 601 1462 aequinoctium
607 1432 690 1466 'anc-

126 1468 233 1497 tmnni
246 1476 278 1497 ec
289 1468 432 1498 brumam
439 1480 452 1504 ;
468 1466 590 1497 viciam
600 1478 690 1504 vero,

116 1514 281 1555 jaseolum
295 1522 327 1544 ec
344 1514 477 1549 lentem,
495 1516 596 1542 Booce
609 1513 690 1542 occi-

125 1560 294 1591 dente.Sed
307 1560 392 1590 idem
405 1560 526 1590 diversa
535 1559 598 1588 fere
611 1560 691 1599 agri-

126 1606 268 1636 colarum
280 1606 339 1636 hac
358 1607 393 1636 in
418 1617 451 1635 re
468 1615 532 1634 esse
548 1606 692 1634 instituta

124 1651 273 1693 deinceps
282 1653 425 1692 exponit.
440 1652 624 1692 Respexisse
637 1661 692 1680 au-

125 1705 190 1728 tem
206 1705 313 1729 noster
325 1697 500 1728 Hesiodum
514 1704 645 1738 putatur
658 1698 692 1726 in

126 1745 210 1776 uotis
233 1744 378 1774 versibus
401 1737 479 1788 Em.
506 1744 591 1781 383,
614 1743 691 1773 615.

126 1791 267 1821 Omnino
297 1790 489 1828 tenendum,
518 1790 647 1820 Graecos
678 1800 694 1819 a

94 1825 107 1887 ἶ,
127 1836 289 1870 Pleiadum
303 1844 388 1874 ortu,
403 1813 508 1866 medio
521 1837 623 1873 Maio,
638 1846 693 1865 aes-

102 1890 105 1905 ῐ
128 1888 222 1913 tatem
240 1893 275 1912 ac
290 1894 436 1921 messem,
451 1883 489 1913 ab
505 1893 619 1912 occasu
629 1882 692 1912 hie-

127 1939 211 1958 mem
235 1939 310 1958 cum
330 1931 469 1959 aratione
492 1939 527 1958 ae
552 1935 690 1958 semente

128 1973 267 2006 duxisse.
280 1976 354 2005 Loc.
375 1975 463 2006 class.
479 1975 568 2004 Arat.
583 1974 689 2004 Phaen.

130 2021 197 2057 264
231 2031 316 2061 sqq„
351 2020 409 2050 ubi
438 2021 542 2052 Schol.
577 2030 609 2060 p.
649 2020 690 2049 35

128 2066 178 2099 ed,
202 2069 310 2098 Oxou.
332 2068 504 2098 Recentius
524 2065 691 2104 Scholion,

128 2119 160 2146 ot
177 2123 246 2154 pag.
264 2113 306 2143 36
324 2114 485 2153 antiquius
507 2111 692 2143 videndum.

129 2160 214 2192 conf.
229 2159 300 2190 Plin
313 2161 442 2196 XVIII,
457 2169 517 2198 293
532 2158 694 2198 Theophr.

129 2204 168 2238 de
184 2205 291 2239 CausS.
307 2205 407 2239 Plant.
424 2207 472 2235 III
482 2227 491 2244 ‚
509 2205 569 2243 28;
590 2205 694 2236 Schol.

737 268 877 309 AEschyli
895 266 1053 298 Prometh.
1071 266 1148 303 457.
1165 267 1213 295 Ex
1230 266 1303 295 artis

736 316 899 355 praeceptis
922 313 961 343 de
985 323 1018 342 re
1036 312 1176 352 disputat
1194 313 1301 342 Petau.

737 363 867 391 Auctar.
910 361 1022 400 Operis
1065 358 1104 387 de
1148 359 1302 387 Doctrina

736 409 846 447 Temp.
866 408 948 446 11‚9.
960 404 1043 435 conf.
1059 403 1115 434 inf.
1132 403 1169 432 ad
1183 404 1299 444 Georg.

738 455 802 491 IV,
829 454 891 482 231
918 463 985 491 sqq.
1012 450 1096 480 Add.
1124 451 1235 491 Bayer.
1266 451 1300 479 in

739 500 916 529 Comment.
936 497 1095 537 Petropol.
1119 498 1248 533 tom.V‚
1269 507 1300 536 p.

741 547 816 585 39¹·
845 547 969 584 Spectat
987 543 1050 573 huc
1069 543 1101 573 b.
1124 542 1225 572 Afric.
1260 549 1307 585 ‚147¹

740 590 950 632 I'elgz'liamm
964 589 1056 631 signo
1069 587 1233 630 confecto;
1245 588 1302 618 ubi

739 638 779 668 cf.
804 639 1091 667 Moruu1.——22·2.
1117 634 1184 665 Alii
1204 635 1300 664 Cnos-

739 683 787 713 sia
809 684 945 713 sollenni
963 683 1145 713 variatione.
1162 698 1209 703 ——-
1227 680 1301 710 Dis-

739 730 834 760 cedac
871 732 952 759 Ven.
989 727 1163 758 descendat
1196 727 1302 757 Mead.

740 787 834 806 uuus.
867 792 914 798 -—-
933 775 1089 804 Succedac
1117 773 1305 811 conjiciebat

741 821 846 852 Reisk.
864 821 1022 851 Procedac
1036 830 1112 849 vero
1127 821 1178 850 J0.
1195 819 1304 848 Schra-

739 867 824 905 der.‚
853 868 993 904 oriatur,
1024 866 1090 896 scil.
1111 883 1158 888 —-
1184 865 1305 894 Gnosia

740 915 834 944 stella
851 914 984 944 Coronae
998 912 1141 942 ardentis
1157 918 1202 941 est
1220 911 1306 941 sidus

742 961 887 997 Coronae,
906 970 1021 989 novem
1038 958 1210 995 stellarum,
1225 968 1242 986 a
1257 968 1306 987 co-

742 1017 819 1036 rona
846 1005 1018 1043 Ariadnes,
1046 1015 1141 1045 quam
1166 1003 1307 1033 Bacchus

742 1052 822 1082 coelo
851 1052 970 1087 affixit,
998 1051 1214 1092 appellatum3
1242 1057 1306 1079 erat

741 1106 846 1128 autem
880 1097 1020 1128 Ariadne
1053 1097 1171 1127 Minois
1187 1118 1195 1133 ‚
1226 1098 1305 1136 regis

742 1145 864 1181 Cretae,
899 1143 986 1181 filia,
1015 1145 1049 1173 in
1076 1154 1140 1183 qua
1171 1142 1307 1171 Gnosius

741 1191 828 1221 urbs.
851 1202 881 1221 v.
912 1192 1001 1221 Arat.
1029 1189 1189 1221 Phaenom.
1217 1198 1254 1226 71
1278 1195 1308 1216 et

741 1238 787 1267 ibi
803 1238 894 1267 Grot.
911 1236 950 1266 ad
966 1238 1058 1276 imag.
1080 1247 1113 1276 p.
1133 1236 1173 1265 33
1190 1245 1236 1274 sq.
1249 1236 1309 1263 Ar-

742 1284 797 1314 dec
828 1283 920 1312 stella
934 1306 942 1318 ‚
964 1283 1041 1312 dum
1067 1282 1169 1317 lucet,
1191 1280 1307 1321 fulget;

743 1329 836 1359 stella
862 1330 995 1359 Coronae
1027 1333 1239 1363 memoratur,
1257 1332 1311 1355 aut

742 1377 816 1416 quia
835 1376 917 1404 iuter
945 1381 1062 1404 ceteras
1082 1373 1177 1411 hujus
1202 1371 1312 1402 sideris

742 1422 846 1451 stellas
858 1431 919 1450 una
934 1427 980 1450 est
991 1419 1240 1449 luculentissima
1250 1428 1313 1448 om-

744 1469 896 1506 niumque
910 1467 1011 1507 prima
1030 1465 1240 1505 conspicitur3
1259 1471 1312 1494 aut

743 1514 837 1543 stella
846 1513 878 1542 h.
890 1513 910 1542 l.
926 1523 984 1553 pro
997 1511 1108 1541 sidere.
1119 1512 1150 1541 Si
1160 1511 1253 1540 stella
1264 1510 1314 1540 de-

744 1558 854 1588 cedere
862 1558 989 1595 dicitur,
998 1557 1030 1587 id
1039 1557 1119 1587 nihil
1126 1556 1212 1586 aliud
1219 1567 1313 1597 quam

745 1605 889 1635 occidere
910 1611 966 1634 aut
988 1604 1160 1640 occultari,
1177 1609 1232 1633 est.
1263 1602 1315 1633 Ad
1334 1601 1339 1639 ἒ

745 1651 826 1681 hanc
842 1658 946 1680 tamen
959 1651 1033 1680 anni
1043 1656 1176 1691 partem,
1189 1660 1231 1680 m.
1252 1651 1315 1679 Oc·
1337 1656 1340 1664 ¹

748 1698 881 1734 tobrem,
893 1708 959 1727 non
977 1707 1123 1727 occasum
1133 1695 1244 1725 sideris
1255 1694 1315 1724 hu·
1331 1672 1341 1717 Ι

744 1745 796 1783 jus
812 1744 980 1785 pertinere,
999 1743 1053 1773 sed
1071 1748 1189 1780 ortum,
1200 1741 1316 1772 docem

747 1790 937 1825 astronomi,
962 1796 994 1819 et
1020 1790 1077 1829 qui
1098 1786 1174 1817 inde
1193 1798 1250 1817 sua
1265 1797 1317 1827 pe-

748 1838 824 1866 tiere
841 1847 849 1874 3
879 1837 999 1877 Hygin.
1031 1837 1162 1866 Astron.
1196 1834 1214 1863 5
1238 1834 1316 1863 Haec

751 1883 875 1913 Cancro
898 1889 931 1911 et
951 1883 1058 1911 Leone
1082 1879 1247 1909 exoriente
1264 1889 1316 1909 oc-

744 1929 838 1966 cidit,
853 1927 997 1958 exoritur
1010 1937 1080 1957 cnm
1099 1924 1228 1966 Scorpio
1252 1926 1317 1955 No-

746 1974 794 2004 nis
819 1973 969 2004 Octobris.
993 1972 1170 2004 Columella
1198 1971 1267 2008 xl,
1285 1982 1316 2007 2,

747 2021 786 2051 51
807 2021 953 2050 IVNon.
967 2020 1032 2050 [αἱ.
1054 2019 1181 2050 Corona
1205 2017 1320 2048 occidit

746 2077 864 2102 mane;
889 2073 921 2096 ee
945 2065 969 2106 3
990 2066 1030 2104 73
1054 2066 1113 2094 III
1133 2066 1220 2094 Non.
1247 2065 1317 2094 Oce.

750 2113 877 2143 Corona
899 2111 1011 2152 incipit
1024 2110 1154 2141 exoriri.
1170 2128 1216 2134 -—-
1233 2111 1321 2140 VIII

749 2159 799 2190 Id.
825 2158 948 2189 Octobr.
967 2158 1101 2189 Coronae
1119 2157 1210 2187 clara
1223 2155 1318 2186 stella

749 2204 900 2236 eoeoricur.
919 2222 965 2228 —
984 2206 1042 2235 III
1057 2211 1089 2234 et
1106 2202 1212 2245 pridie
1242 2201 1318 2232 Idus
