1408 2428
71 176 84 186 ι
90 175 106 185 ι
112 172 163 185 §22
169 173 425 186 s==s=22=w=¹==
430 173 727 185 usxsxzuxzmszti
732 173 1273 187 wmzsxttummmmmxu

315 290 614 346 ECLOGA
653 293 1024 349 SECUNDA.

514 445 729 489 ALEXIS
759 447 823 490 (¹).

434 706 894 747 ARGUMENTUM.

113 818 274 848 Convnox
292 827 417 859 pastor,
439 819 583 849 Alexidis
602 822 709 860 pueri,
735 822 791 861 qui
808 832 824 850 a
841 821 1005 851 communi
1025 821 1192 862 utriusque
1215 821 1272 851 do-

67 874 153 903 mino
170 874 330 903 amabatur
345 874 409 914 (2),
426 876 536 905 insano
556 886 661 905 amore
680 888 781 917 quum
797 877 930 914 fureret,
946 878 1096 906 miserum
1111 878 1161 906 sni
1177 878 1275 906 animi

67 927 215 957 affectum
238 927 299 957 hoc
325 929 464 958 carmine
483 931 626 970 exponit.
650 932 687 959 In
711 931 793 961 votis
816 930 927 967 habet,
948 938 983 960 ut
1004 931 1056 960 ille
1078 931 1146 960 ruri
1166 941 1274 960 secum

65 981 194 1012 habitet.
211 984 383 1013 Enumerat
398 985 504 1025 copias
519 995 589 1014 suas
605 992 635 1014 et
650 996 726 1026 opes
744 987 876 1015 rusticas
890 997 919 1015 V.
942 996 983 1015 20
994 1009 1001 1022 ‚
1019 996 1108 1015 suam
1125 987 1188 1015 oris
1203 997 1272 1026 spe-

64 1037 145 1066 ciem
163 1037 222 1075 25,
243 1048 332 1067 suam
350 1046 447 1068 artem
470 1039 603 1069 canendi
625 1041 663 1070 31
676 1065 683 1078 ‚
701 1051 757 1070 sua
776 1052 909 1071 munera
927 1052 1028 1082 puero
1044 1047 1166 1082 parata,
1182 1040 1272 1070 fistu-

63 1090 125 1121 lam
151 1093 211 1130 36,
236 1099 267 1122 et
289 1093 355 1123 duo
380 1094 543 1134 capreolos
563 1101 624 1133 4ο,
643 1102 712 1125 tum
729 1096 862 1126 corollas
885 1096 1047 1126 variorum
1072 1095 1189 1126 florum
1211 1096 1272 1133 45,

63 1156 140 1176 mox
161 1153 266 1177 tamen
284 1147 411 1177 damnat
425 1149 492 1189 ipse
514 1159 653 1180 amorem
676 1160 771 1180 snum
795 1150 848 1181 58.
865 1150 1024 1180 Dominus
1043 1160 1100 1190 per
1118 1149 1198 1178 10]ae
1214 1159 1273 1179 no-

62 1211 136 1231 men
154 1201 328 1232 declaratus
350 1214 415 1233 esse
431 1203 559 1234 videtur
580 1216 610 1235 V.
637 1205 690 1243 57.
711 1205 799 1235 Idem
823 1204 975 1247 Corydon
997 1211 1153 1234 amaverat
1177 1205 1272 1234 Ama-

63 1255 227 1296 ryllfflem,
251 1267 391 1297 asperam
417 1258 574 1299 puellam,
601 1266 632 1290 et
659 1260 837 1290 Menalcam
856 1270 994 1300 puerum
1019 1270 1050 1289 v.
1078 1265 1117 1294 14
1144 1269 1190 1299 sq.
1218 1259 1271 1288 52.

62 1313 164 1341 Etiam
182 1313 216 1341 in
228 1311 325 1349 hujus
341 1312 457 1354 eclogae
478 1314 625 1355 allegoria
641 1315 811 1345 retexenda
830 1316 942 1344 misere
960 1325 992 1343 se
1008 1319 1160 1353 torquent
1173 1314 1272 1342 inter-

63 1373 181 1405 pretes,
196 1377 296 1407 quum
315 1377 331 1396 a
346 1369 456 1398 Servio
471 1375 503 1397 et
521 1368 588 1398 aliis
605 1369 755 1398 traditum
769 1369 976 1409 accepissent,
995 1368 1114 1397 Alexin
1125 1368 1192 1396 sive
1204 1369 1272 1398 Asi-

63 1420 108 1447 nii
135 1419 303 1454 Pollionis,
322 1420 388 1449 sive
415 1422 596 1449 Maecenatis
616 1432 751 1461 puerum
778 1422 889 1458 fuisse,
917 1432 933 1451 a
956 1421 1090 1462 Virgilio
1113 1428 1271 1462 amatum3

63 1482 255 1512 quamquam
278 1473 345 1510 ejus
361 1473 407 1502 rei
424 1483 491 1502 non
507 1475 579 1503 satis
599 1482 745 1504 constans
761 1475 842 1504 fama
856 1476 932 1512 fuit3
950 1475 990 1505 cf.
1012 1476 1134 1512 Heius„
1159 1475 1271 1505 Marti-

62 1537 123 1556 nus
138 1526 176 1556 ad
192 1538 222 1557 v.
245 1538 273 1561 x,
291 1534 321 1556 et
338 1527 493 1557 Can-oeus.
510 1530 591 1568 Quae
608 1529 651 1558 ita
665 1540 798 1559 secusne
811 1541 876 1559 sese
889 1529 1041 1566 habeant,
1058 1530 1138 1558 scire
1156 1531 1269 1570 utique

62 1581 142 1612 nihil
156 1580 266 1618 refert3
282 1592 386 1621 neque
403 1582 442 1611 de
464 1584 554 1612 castis
569 1584 696 1625 Virgilii
713 1584 857 1614 moribus
873 1583 1035 1624 disputare
1049 1584 1082 1613 h.
1101 1583 1123 1614 1.
1141 1584 1268 1621 attinet;

61 1638 119 1666 etsi
133 1636 186 1666 ille
200 1636 236 1664 in
253 1634 372 1666 dilectu
392 1636 461 1666 tah's
477 1639 654 1678 argumenti
673 1649 799 1668 morum
817 1649 950 1668 suorum
967 1638 1139 1668 castitatem
1155 1647 1267 1678 parum

60 1692 154 1722 nobis
173 1690 370 1731 approbavit.
386 1692 424 1720 In
442 1692 702 1732 interpretatione
721 1701 825 1723 tamen
841 1694 913 1723 satis
932 1700 978 1723 est
997 1699 1051 1722 aut
1071 1699 1193 1729 tenere,
1214 1699 1268 1721 aut

58 1753 210 1782 statuere,
229 1745 401 1787 Virgilium
418 1748 539 1787 ingenii
561 1757 684 1785 caussa,
704 1748 784 1778 forte
808 1755 844 1778 ut
865 1748 1073 1780 Theocritum
1090 1748 1266 1777 imitatione

104 1865 153 1907 (1)
175 1865 306 1902 Alexis,
326 1866 393 1902 alii,
416 1865 509 1895 etiam
528 1866 632 1897 Medi-

57 1923 141 1949 ccus,
160 1914 271 1949 Poeta,
286 1912 431 1952 Corydon
448 1923 488 1942 ex
503 1915 633 1953 antiqua

58 1960 235 1989 narratione
253 1959 338 1999 apud
353 1961 460 1995 Serv.;
479 1959 564 1989 Gud.
582 1960 632 1989 ad-

56 2006 104 2035 dit
121 2006 162 2035 de
184 2014 294 2034 amore
310 2006 412 2045 pueri.
437 2005 523 2035 Leid.
552 2006 629 2035 Car-

58 2063 130 2083 men
146 2051 203 2081 vel
216 2051 365 2080 micticon
374 2064 386 2087 ,·
404 2054 515 2087 Poeta,
536 2053 630 2091 Cory-

57 2100 132 2135 don,
149 2098 275 2139 Ecloga
284 2098 435 2128 secunda.
449 2099 542 2128 Voss.
557 2098 629 2128 Coi-

50 2156 123 2188 ‘non
138 2145 196 2175 ‘uel
209 2145 340 2181 illinon,
361 2144 442 2175 forte
457 2154 516 2184 pro
530 2143 627 2175 κοινὸν

57 2200 88 2222 et
106 2190 248 2234 μισητὸν,
267 2192 299 2222 h.
322 2193 486 2233 impurum
502 2198 533 2221 et
556 2192 628 2222 libi-

57 2239 214 2269 dinosum.

733 1868 782 1909 (2)
807 1870 839 1899 Si
860 1867 956 1898 modo
980 1875 1065 1898 recte
1084 1868 1206 1908 accipio
1231 1879 1262 1898 v.

688 1924 704 1943 2
721 1914 856 1944 delicias
874 1915 1009 1949 domini,
1030 1922 1066 1943 ut
1078 1914 1163 1944 idem
1180 1916 1259 1944 utri-

685 1971 747 2000 que
766 1961 914 1990 dominus
931 1968 1019 1990 esset.
1038 1962 1154 1990 Verius
1173 1971 1260 1990 nune

685 2006 821 2036 arbitror
837 2016 844 2036 ε
862 2006 980 2036 Alexin
995 2017 1059 2036 esse
1071 2007 1147 2037 101ae
1156 2009 1261 2047 pusio-

683 2063 756 2082 nem
775 2053 903 2083 alterins
920 2054 1072 2094 pastoris;
1087 2055 1195 2094 ipsum
1209 2065 1261 2083 au-

683 2105 745 2128 tem
762 2099 966 2140 Corydonem
979 2100 1142 2130 hominem
1151 2101 1199 2130 sui
1213 2102 1261 2137 ju-

682 2146 735 2179 ris.
752 2153 908 2187 pastorem
921 2148 1021 2188 gregis
1035 2148 1166 2188 sui:qui
1183 2146 1261 2177 adeo

684 2192 763 2222 hene
781 2195 897 2232 jactare
911 2200 1036 2235 poterat
1049 2204 1125 2235 opes
1141 2204 1211 2223 suas
1227 2205 1259 2223 τ,

688 2250 728 2269 ‘zo
747 2251 791 2281 sq.
812 2240 904 2270 Mille
918 2251 997 2271 meae
1014 2258 1059 2263 -—-

1087 2305 1127 2340 ¹2*
