1408 2428
584 103 753 133 ECLOGA
779 105 802 132 1.
1275 102 1297 132 5

99 167 142 195 cis
156 163 346 194 notabimus.
370 163 415 192 Ita
439 162 546 202 plures
572 172 681 190 versus
701 168 775 191 sunt
801 161 863 189 fere
883 162 978 201 epici,
998 167 1035 191 ut
1057 171 1072 199 7
1098 160 1183 190 illius
1198 172 1289 190 aram

98 220 188 258 Saepe
207 225 296 247 tener
309 216 422 246 noser-is
437 217 476 245 ab
495 215 624 245 ovilibus
643 216 763 245 imbuet
780 226 891 257 agnus,
907 217 956 245 Sic
973 217 1014 246 60
1032 227 1076 255 sq.
1089 216 1132 245 65
1149 227 1194 256 sq.
1210 216 1290 246 Cum

96 278 200 301 tamen
223 272 317 301 semel
334 278 425 311 poeta
443 281 536 300 suum
557 269 617 298 sibi
639 269 779 299 bucolici
799 271 943 299 carminis
959 280 1056 311 genus
1079 270 1295 307 constituerit,

98 335 163 363 quo
182 335 199 353 a
214 326 284 354 vitae
298 325 466 364 pastoritiae
481 323 679 363 simplicitate
695 323 908 353 recedendum
922 324 949 353 ei
963 331 1058 361 esset,
1074 323 1164 352 licuit
1180 329 1210 352 et
1225 322 1292 352 haec

99 385 129 407 et
144 378 200 408 alja
215 381 249 408 in
266 389 392 408 carmen
407 388 500 407 suum
516 379 667 417 recipere.

410 658 695 693 MELIBOEUS
706 684 715 701 ‚
752 657 981 693 TITYRUS.

587 760 805 782 MELIBOEUS.

146 810 313 850 vane,
330 815 370 842 tu
387 807 523 854 patulae
541 806 726 841 recubans
742 805 812 841 sub
831 804 994 853 tegmine
1011 804 1085 853 fagi

96 867 311 903 Silvestrcm
330 864 432 900 tenui
451 877 593 900 musam
612 864 804 900 meditaris
822 876 939 899 avena
957 876 964 897 t

93 928 171 961 Nos
188 924 316 974 patriae
334 924 421 960 fines
439 933 475 960 et
493 924 616 959 dulcia
634 924 839 973 linquimus
858 935 966 967 arva3

94 986 171 1019 Nos
188 984 345 1032 patriam
365 983 525 1032 fugimus
544 998 551 1018 :
570 993 629 1028 tu,
645 984 776 1032 Tityre
788 1011 796 1027 ‚
813 982 933 1018 lentus
952 982 988 1017 in
1007 981 1158 1025 umbra,

94 1045 309 1080 Formosam
326 1056 500 1080 resonare
517 1043 628 1080 doces
644 1041 877 1092 Amaryllida
893 1042 1015 1078 silvas.
1277 1050 1290 1074 5

143 1174 170 1193 1.
194 1164 298 1202 Tyeire
327 1165 438 1195 vitiose
473 1165 580 1202 1nulti;
610 1166 663 1195 sed

91 1215 138 1238 est
160 1207 295 1252 Τὶτυρος.
315 1210 456 1250 [Aptum
478 1219 662 1252 argumento

92 1266 231 1286 nomen:
256 1263 301 1285 est
323 1258 407 1285 enim
435 1258 557 1295 Tityrus
579 1258 662 1298 apud

92 1301 230 1342 Hesych.
248 1304 391 1341 Satyrus,
411 1303 570 1339 calamus,
597 1304 663 1332 avis

90 1348 239 1386 quaedam
269 1359 279 1377 :
310 1349 418 1377 Servio
436 1371 444 1383 ‚
475 1348 558 1377 aries
594 1359 662 1377 ma-

87 1393 156 1433 j01·;
167 1394 331 1434 interpreti
345 1394 521 1429 Theocriti,
537 1394 662 1424 otiosus.

93 1440 200 1469 —Sic
230 1447 261 1468 et
292 1439 471 1475 Meliboeus,
501 1438 546 1469 ὅτι
578 1439 662 1481 αὐτῷ

91 1486 150 1514 τῶν
168 1482 246 1522 βόων
267 1484 380 1526 μέλει.]

134 1548 179 1552 —
200 1531 388 1559 WIeliboemn
418 1537 509 1570 puta,
544 1531 664 1570 agendo

88 1587 211 1617 gregem
223 1584 292 1605 ante
303 1587 333 1605 se
343 1599 350 1612 ‚
362 1576 507 1605 accedere
518 1575 556 1604 ad
572 1578 662 1617 Tity-

89 1633 160 1651 rum
175 1622 235 1652 sub
252 1622 320 1662 sago
334 1621 491 1651 sedentem
512 1629 541 1651 et
558 1621 663 1651 fistula

89 1675 262 1698 canentem.
278 1669 426 1708 Tityrum
438 1667 606 1696 silvestrem
618 1686 662 1690 -—

91 1724 232 1749 musam,
273 1724 398 1743 carmen
441 1715 659 1753 pastoritium,

90 1759 239 1789 meditari
250 1782 258 1795 ‚
281 1770 442 1795 exercere,
463 1760 610 1801 μελετᾷν,
625 1760 657 1790 h.

89 1816 116 1835 e.
148 1807 255 1835 cantui
283 1816 355 1835 eum
390 1816 521 1840 vacare,
552 1806 656 1835 indul-

90 1861 160 1891 gere
169 1874 176 1887 ‚
188 1853 245 1888 ait,
260 1859 290 1881 et
305 1851 433 1891 quidem
444 1852 656 1888 temciavena,

91 1903 127 1925 ut
161 1897 284 1927 culmus
318 1908 375 1937 pro
408 1896 513 1926 fistula
542 1899 590 1927 sit.
626 1909 657 1927 v.

91 1943 156 1972 Ecl.
180 1943 243 1979 ΙΙΙ,
270 1954 322 1981 27.
345 1943 456 1983 Quod,
473 1944 565 1972 nimis
580 1943 659 1972 forte

91 1995 214 2026 argute,
241 1988 279 2017 ad
304 2000 401 2028 genus
424 1990 568 2018 carminis
598 1989 658 2017 hu-

91 2034 164 2062 mile
183 2040 212 2063 et
230 2041 322 2063 tenue
337 2034 494 2071 referunt;
517 2035 659 2074 quamvis

91 2080 158 2116 ejus
179 2081 266 2109 notio
290 2081 350 2119 ipsi
372 2087 491 2109 naturae
514 2080 659 2109 carminis

92 2125 232 2155 bucolici
254 2125 363 2156 subsit.
390 2128 512 2156 Ornans
540 2126 658 2165 epithe-

62 2183 70 2193 ·
93 2177 150 2200 ton
179 2171 290 2201 tenuis.
321 2173 374 2201 An
397 2173 467 2200 satis
495 2172 661 2201 conveniat

95 2216 232 2247 bucolici
263 2219 383 2259 generis
414 2218 515 2248 indoli
539 2227 659 2249 musam

717 1163 867 1196 medicari
877 1174 994 1199 avena,
1012 1164 1217 1204 pronuntiare
1235 1163 1289 1192 vix

717 1214 817 1249 ausis,
838 1211 897 1239 nisi
915 1221 989 1239 usus
1015 1209 1156 1250 exempla
1177 1216 1289 1238 essent.

715 1259 768 1287 Est
785 1265 888 1287 tamen
904 1257 937 1284 in
954 1256 1086 1285 Theocr.
1108 1257 1138 1291 Ι,
1155 1266 1196 1284 20
1209 1278 1217 1291 ,
1237 1252 1292 1283 zv).

987 1301 1037 1330 ἐπ’,
1060 1301 1093 1330 τὸ
1112 1299 1204 1329 πλέον
1226 1298 1289 1328 ἵκεο

715 1314 770 1337 τας
792 1302 960 1334 &aramme

716 1347 842 1383 Μώσαις.
858 1348 1037 1376 Lucretium
1053 1347 1210 1386 praeivisse
1225 1347 1291 1374 Ma-

717 1396 787 1422 roni
803 1396 836 1422 in
855 1399 931 1421 noto
958 1402 1067 1427 versu,
1092 1391 1213 1420 Fistula
1235 1391 1287 1419 sil-

717 1446 844 1468 vestrem
873 1449 912 1466 ne
939 1445 1037 1466 cesset
1049 1436 1191 1476 fitndere
1218 1447 1290 1465 ver·

717 1496 794 1520 sum,
829 1490 959 1514 constat.
992 1484 1030 1511 Et
1060 1484 1185 1521 sequuti
1214 1490 1289 1511 sunt

717 1532 767 1560 alii
790 1530 947 1563 bucolici;
963 1529 1138 1558 Nemesiau.
1160 1529 1193 1563 Ι,
1223 1539 1261 1564 27
1278 1551 1286 1563 ‚

717 1577 782 1605 Sed
802 1576 878 1616 quia
904 1583 934 1603 tu
952 1582 1067 1603 nostroe
1085 1575 1209 1602 Musam
1231 1574 1285 1602 cle-

710 1622 816 1662 poscis
829 1632 948 1652 avenne.
965 1638 1011 1642 —
1024 1622 1052 1650 3.
1068 1619 1287 1662 Patrios-fines

717 1666 974 1707 conjicitVVakef.
986 1667 1060 1697 Silv.
1073 1669 1106 1696 Ρ.
1118 1667 1175 1702 IV,
1186 1677 1218 1705 p.
1231 1667 1287 1702 62,

715 1725 754 1743 ne
767 1715 884 1754 patriae
896 1713 1040 1753 patriam
1058 1723 1089 1741 se
1108 1712 1284 1751 excipiant3

715 1767 745 1789 et
766 1767 802 1789 ut
820 1762 860 1790 sit
879 1770 938 1800 pro
958 1766 1112 1799 paternos
1125 1757 1223 1799 fines.
1239 1775 1283 1778 -

712 1807 832 1846 [Quam
845 1806 1001 1835 infelicem
1011 1804 1111 1833 dicam
1124 1826 1131 1839 ‚
1148 1804 1204 1842 qui
1218 1813 1284 1831 non

711 1853 840 1882 senserit
860 1858 974 1891 quanta
990 1852 1053 1886 vis,
1070 1855 1224 1888 quantum
1240 1848 1283 1876 af—

712 1898 810 1927 fectus·
826 1899 955 1933 inesset,
977 1897 1010 1924 in
1030 1897 1095 1934 ipsa
1115 1895 1202 1922 vocis
1219 1904 1282 1933 pa-

714 1943 800 1979 criae,
817 1943 960 1983 patriam
972 1964 979 1975 ‚
1000 1941 1186 1980 repetitione
1199 1939 1227 1979 1]

761 1995 790 2022 4.
805 1988 910 2029 Fugit,
925 1987 1003 2016 utin
1019 1987 1136 2015 Graecis
1153 1984 1278 2028 φεύγει,

713 2035 804 2063 etiam
820 2036 845 2062 is
861 2034 916 2073 qui
931 2032 1099 2073 expellitur
1115 2038 1146 2061 et
1163 2031 1279 2063 exulat,

712 2087 748 2108 ut
763 2079 795 2108 h.
804 2080 823 2109 l.
836 2079 1062 2110 Meliboeus.—-
1072 2077 1184 2112 lentus,
1200 2078 1280 2106 otio-

712 2135 764 2154 sus
780 2132 810 2154 et
828 2136 967 2155 securus.
985 2127 1070 2155 Serv.
1088 2123 1151 2153 vid.
1170 2125 1278 2153 Heius.

713 2171 751 2199 ad
758 2171 850 2202 Ovid.
863 2174 936 2201 Her.
948 2172 1038 2207 xlx,
1052 2171 1068 2198 8
1079 2180 1090 2198 1
1103 2180 1110 2200 :
1123 2180 1192 2199 cum
1204 2179 1281 2198 ven-

713 2225 759 2248 tos
785 2217 927 2249 audirem
955 2217 1040 2247 lenta
1064 2223 1224 2247 sonante-52

1143 2266 1160 2278 ἦ·

1122 2280 1137 2301 1
