1377 2428
574 91 677 121 „IBER
700 91 758 120 IV.

73 148 250 192 Sumit-at,
269 156 305 182 et
324 155 430 196 rapta
450 148 612 195 graviter
627 159 695 196 pro
713 146 868 196 conjuge
888 146 1002 193 saevit,-

71 206 138 242 Illa
158 206 326 255 quidem,
343 206 432 242 dum
450 216 484 242 te
501 207 643 254 fugeret
658 219 726 255 per
740 206 892 242 flumina
912 217 1076 254 praeceps
1088 231 1098 250 ‚

70 269 274 302 Immanem
291 275 375 302 ante
391 265 503 315 pedes
519 265 681 314 hydrum
701 267 882 302 moritura
901 265 1024 313 puella

71 328 290 363 Servantem
307 327 406 375 ripas
423 327 495 362 alta
513 338 588 361 non
607 326 701 362 vidit
719 326 756 361 in
774 325 903 361 herba.

70 388 119 421 At
137 385 272 421 chorus
293 386 443 434 aequalis
459 385 654 434 Dryadum
671 385 832 420 clamore
851 395 1044 432 supremos
1199 389 1246 417 460

70 444 276 492 Implerunt
292 444 427 480 montis
445 459 454 480 t
472 444 609 480 flerunt
627 442 858 492 Rhodopeiae
879 456 998 487 arces,

70 504 230 552 Altaque
249 506 421 553 Pangaea,
439 513 475 540 et
497 503 613 540 Rhesi
630 503 818 538 Mavortia
837 502 962 546 tellus,

68 566 192 612 Atque
210 567 331 608 Getae,
352 572 462 612 atque
482 563 649 607 Hebrus,
666 571 702 598 et
719 562 844 598 Actias
865 561 1050 610 Orithyia.

69 624 152 670 Ipse
172 635 263 658 cava
279 623 399 659 solans
417 635 557 672 aegrum
576 620 761 659 testudine
779 633 961 665 amorem,

68 765 207 794 dirarum
230 772 261 794 et
284 765 445 805 expiandae
468 766 568 806 culpae
588 777 632 796 ra-

71 813 116 840 u'o
141 821 176 840 ac
200 812 250 839 via
272 818 473 841 monstretur.
491 828 536 834 —-
554 814 629 847 456.

67 859 173 896 Rapta
185 867 245 895 pro
271 857 420 897 conjuge,
454 857 632 887 verecunde

66 909 160 942 poeta
186 903 250 931 vim
276 909 398 938 narrat,
428 912 523 941 quam
547 904 632 931 Aris-

68 955 145 977 taeus
158 947 273 977 inferre
298 947 401 976 voluit
418 947 538 987 Orphei
554 959 629 977 con-

64 994 141 1034 jugi.
167 993 399 1023 Obscuritatem
420 993 544 1022 vatibus
571 994 632 1023 sol-

65 1039 192 1068 lennem
205 1039 374 1067 affectatam
389 1049 452 1068 esse
467 1049 484 1067 a
498 1041 630 1068 Marone

66 1084 262 1113 existimabat
277 1085 446 1121 Mejerotto
466 1085 501 1112 in
516 1085 630 1113 Dubiis

65 1140 97 1169 p.
119 1140 169 1159 11.
193 1129 306 1160 Saltem
332 1140 388 1168 per
413 1130 556 1169 ambages
574 1131 630 1159 sci-

65 1176 189 1204 scitanti
207 1175 319 1212 juveni
335 1174 383 1211 id,
397 1174 484 1214 quod
500 1176 629 1215 quaesie-

66 1227 114 1249 rat
124 1242 132 1257 ‚
152 1222 260 1260 aperit.

115 1266 191 1303 457.
215 1267 349 1305 Fugerec
363 1276 524 1306 praeceps,
549 1278 628 1307 prae-

67 1312 156 1351 cipiti
169 1321 264 1340 cursu
278 1322 286 1347 3
298 1312 508 1353 perflztmina
520 1335 528 1349 ,
542 1312 574 1343 h.
591 1315 629 1342 ri-

65 1367 138 1396 pam
150 1356 300 1392 fluminis,
307 1364 420 1396 praeter
432 1357 561 1388 flumen.
569 1361 631 1390 No-

66 1412 139 1431 men
151 1401 289 1431 fluminis
304 1409 395 1441 poeta
407 1413 475 1432 non
488 1414 629 1443 pronun-

68 1448 140 1483 fiat;
170 1449 346 1487 cogitabam
374 1448 413 1477 de
441 1450 543 1479 Peneo
555 1471 563 1486 ‚
591 1450 630 1479 ad

65 1503 161 1532 quem
174 1495 324 1523 Aristaeus
334 1493 493 1524 habitabat
507 1506 537 1525 v.
551 1496 568 1524 3
577 1497 627 1533 16,

66 1538 118 1567 alii
132 1538 171 1567 de
195 1539 314 1569 Hebro.
337 1539 467 1579 Hydrus
487 1541 631 1571 servabat

65 1585 164 1623 ripam
176 1607 184 1621 ,
204 1592 234 1614 et
252 1585 368 1614 latebat
387 1584 419 1613 1‘72
435 1584 548 1621 herba;
563 1597 630 1617 non

64 1631 99 1674 in
109 1639 208 1659 amne.
220 1631 367 1660 Ceterum
377 1638 558 1671 comparent
567 1632 631 1662 cnl-

65 1676 153 1704 u'oris
178 1676 297 1716 ingenii
322 1676 532 1706 adolescentes
557 1688 629 1707 cum

64 1730 110 1760 sq.
134 1721 228 1752 Ovid.
251 1724 328 1751 Met.
344 1724 375 1752 X
393 1733 441 1762 pr.
458 1724 631 1753 Hermesia-

31 1781 41 1802 2
65 1773 188 1795 nactem
207 1778 256 1807 ap.
273 1767 462 1797 Athenaeum
476 1770 558 1798 XIII
569 1792 577 1806 ,
595 1780 627 1809 p.

67 1811 129 1850 597
155 1812 167 1852 (
180 1823 283 1853 nuper
298 1824 313 1842 a
333 1813 526 1843 Ruhnkenio
541 1815 628 1844 illus-

64 1863 181 1886 tratum
195 1856 217 1897 ).
247 1858 339 1888 Adde
359 1860 508 1888 Senecam
534 1862 628 1891 Herc.

65 1901 126 1931 fur.
145 1903 209 1943 569
225 1914 323 1943 seqq.,
338 1906 432 1934 Herc.
450 1906 523 1934 OEt.
543 1907 625 1935 1031

66 1958 133 1987 sqq.
153 1965 199 1970 -—
218 1950 293 1988 459.
312 1951 493 1979 Set-vantem
517 1951 624 1990 ripas,

42 2008 52 2015 -
64 1993 255 2024 incolentem
265 2017 274 2032 ‚
296 1996 331 2024 in
351 1996 389 2024 ijs
402 1995 549 2025 latentem
559 2019 567 2034 ,
592 2003 629 2027 ut

64 2039 172 2078 paullo
186 2047 256 2069 ante
266 2063 274 2077 ‚
289 2038 478 2080 λοχήσαντα.

113 2085 189 2119 460.
207 2086 341 2125 AEquali
356 2089 490 2117 Roman
504 2087 628 2116 Clamo-

65 2140 100 2158 re
118 2141 261 2170 supremo
271 2134 432 2162 Romanus
450 2139 481 2161 et
497 2132 550 2161 alii
564 2133 628 2162 Pie-

65 2176 122 2204 rii·
114 2198 123 2213 ,
146 2184 182 2208 ut
203 2178 244 2207 sit
264 2177 381 2208 clamor
397 2177 476 2208 ille
467 2188 502 2208 111
518 2178 627 2207 funere

684 766 735 795 edi
749 766 877 802 solitu53
893 765 947 794 sed
964 764 1031 793 haec
1047 764 1134 794 Statii
1155 763 1247 792 alicu-

682 813 733 848 jus
755 813 904 850 elegantia
923 816 1019 846 esset,
1044 819 1111 838 non
1140 809 1246 849 Virgi-

682 857 736 892 111·
764 866 837 884 nam
864 855 917 884 hic
941 855 979 884 de
1003 832 1247 883 discuirentium

683 901 903 940 Nymphaxum
934 900 1100 938 ejulatibus
1132 901 1244 940 agitur.

684 948 781 976 Recte
809 946 964 986 vulgatam
989 944 1154 975 confirmat
1180 945 1245 975 No-

683 993 754 1021 nius
782 992 817 1021 in
848 1002 1017 1031 supremus.
1055 1007 1101 1013 —-
1130 990 1247 1020 Chorus

683 1037 817 1077 oeqnalz's
844 1038 1028 1075 Dryadum,
1061 1047 1119 1076 pro
1146 1046 1246 1076 aequa-

682 1082 761 1111 lium
775 1082 939 1123 Dryadum
950 1105 959 1119 ‚
973 1093 1035 1111 una
1051 1092 1123 1110 cum
1139 1093 1174 1111 ea
1190 1091 1246 1110 nu-

682 1129 837 1158 tritarum.
862 1129 944 1158 conf.
960 1139 991 1157 v.
1011 1128 1086 1164 532,
1111 1128 1246 1156 533.—

683 1173 874 1209 461—463.
892 1176 950 1203 Per
969 1179 1066 1202 totam
1080 1173 1246 1202 Thraciam

680 1218 814 1248 lamenta
822 1219 1041 1259 Nympharum
1048 1218 1152 1248 audita
1160 1225 1245 1249 sunt.

681 1266 790 1302 Aroes,
802 1263 907 1307 ἄκραι,
923 1266 1063 1302 vertices,
1075 1276 1161 1294 more
1173 1275 1247 1304 poe-

684 1317 786 1340 tarum
808 1318 844 1341 ut
868 1312 924 1340 Ge.
948 1313 985 1347 I,
1012 1317 1075 1346 240
1099 1310 1246 1350 Rhipoeas

683 1367 781 1386 arces.
797 1359 1030 1387 Enumerantur
1046 1356 1200 1396 Rhodope
1216 1362 1247 1384 et

683 1403 832 1442 Pangaeus
842 1425 850 1439 ‚
865 1409 987 1431 montes
1000 1401 1139 1431 Thraciae
1149 1424 1158 1439 ,
1176 1410 1247 1440 quae

683 1447 774 1476 tellus
805 1447 981 1484 Mavortia,
1016 1448 1113 1476 Marti
1141 1457 1244 1483 sacra;

682 1491 792 1528 Rhesi,
809 1494 865 1533 qui
875 1516 882 1530 ‚
900 1499 970 1533 post
985 1493 1104 1532 Orphei
1118 1492 1246 1532 quidem

683 1543 824 1577 tempora
842 1561 851 1576 ‚
890 1539 929 1568 ad
959 1539 1084 1576 Trojam
1113 1538 1247 1568 duxerat

682 1582 826 1614 Thracas,
855 1584 944 1613 Getae
974 1595 1013 1613 ex
1044 1586 1246 1624 antiquorum

682 1638 787 1666 more,
809 1640 876 1659 non
899 1630 939 1658 ad
961 1630 1179 1670 geographicas
1203 1640 1248 1659 ra-

683 1675 783 1703 tiones
804 1682 905 1715 poetae
930 1682 1017 1704 aetate
1041 1677 1112 1704 satis
1136 1682 1243 1711 notas,

682 1721 774 1748 etiam
802 1721 835 1750 h.
858 1721 879 1751 l.
901 1722 1066 1750 memorari
1087 1720 1246 1751 videntur.

681 1766 850 1796 Memorati
879 1767 942 1803 jam
968 1772 1056 1794 erant
1078 1767 1136 1796 Ge.
1169 1767 1218 1795 III
1236 1789 1246 1803 ‚

684 1811 760 1846 462.
784 1811 895 1841 Actias
915 1810 1060 1849 Orithyia
1072 1822 1084 1840 .·
1098 1818 1246 1851 tanquam

681 1857 860 1896 Nympham
894 1858 1030 1897 regionis
1059 1867 1247 1888 memorasse

681 1912 748 1930 eam
764 1902 899 1931 videtur.
915 1905 988 1932 Erat
1000 1902 1185 1939 Erechthei,
1205 1905 1247 1933 A·

681 1947 847 1976 thenarum
858 1950 954 1989 regis,
972 1946 1037 1977 filia
1056 1947 1165 1989 (unde
1181 1951 1245 1979 Ac-

681 1993 763 2028 tias;
786 1995 892 2023 Attica
915 2001 996 2023 terra
1017 1993 1166 2030 litoralis,
1189 2005 1245 2024 ακ-

681 2037 750 2071 τικὴ
763 2061 771 2075 ,
793 2039 870 2069 olim
894 2041 974 2069 Acte
988 2061 997 2076 ,
1020 2039 1107 2078 qnod
1127 2050 1244 2070 nomen

680 2085 762 2113 inter
788 2092 894 2125 poetas
926 2084 1062 2125 haesit),
1094 2095 1111 2114 a
1146 2087 1244 2115 Borea

680 2137 778 2170 rapta.

727 2175 802 2212 464.
819 2177 934 2206 Solans
950 2176 1240 2214 amoremdeniem.
