1408 2428
569 58 628 87 CL.
656 59 782 88 HEYN.
1246 62 1281 98 xj

75 124 277 170 aliorum
313 122 508 186 quidem
538 124 898 187 intelligentiam
917 161 927 181 ,
963 125 1278 172 adhaerescere

73 200 194 247 forte
223 203 394 265 possit,
428 199 700 246 circumfert
726 212 773 247 et
800 202 1004 248 intendit
1039 206 1276 261 animum,

73 279 222 324 multa
255 278 496 324 interdum
526 295 775 323 occurrere
807 280 958 324 solent
982 283 1140 327 minus
1169 298 1278 327 cum

73 372 124 400 re
161 357 444 418 conjuncta,
487 367 532 401 et
568 356 783 402 excidere
813 375 1159 421 nonnunquam
1200 360 1277 417 id,

77 431 209 493 quod
236 432 295 478 ad
323 434 457 479 illum
483 434 642 479 locum
663 435 975 496 quaerebatur.
997 439 1117 480 Cum
1137 439 1278 482 etiam

74 512 224 557 multa
245 514 359 567 sint,
391 531 496 575 quae
518 515 679 558 sentiri
697 512 891 576 quidem
911 512 1045 557 facile
1066 516 1248 576 possint
1265 550 1276 569 ,

71 587 154 633 sed
164 606 270 651 quae
281 606 518 653 exponere
530 589 787 635 admodum
801 589 993 635 difficile
1006 591 1083 645 sit,
1102 590 1216 635 dum
1228 593 1276 635 in

72 667 129 711 iis
153 668 403 713 commode
422 667 712 731 explicandis
729 678 775 713 et
791 666 1079 712 illustrandis
1096 666 1279 713 defixus

70 745 257 788 animus
287 754 378 800 est,
416 744 519 788 fieri
550 744 690 798 solet,
725 753 779 787 ut
808 745 980 787 sensim
1009 744 1276 805 sensimque

72 819 132 864 ad
153 820 264 865 alias
284 836 444 864 rerum
464 821 684 864 notiones
703 829 749 866 et
768 821 995 882 imagines
1016 818 1276 876 delabatur,

75 907 121 942 et
145 895 335 942 tandem
362 898 725 961 explicationem
757 907 803 942 et
837 899 1277 960 interpretationem

70 973 349 1036 subjungat,
385 990 559 1036 quam,
599 976 634 1019 si
671 976 718 1018 in
755 973 846 1018 alio
882 973 1278 1037 deprehenderit,

77 1051 323 1112 quomodo
353 1054 394 1097 ei
430 1054 479 1096 in
513 1062 722 1096 mentem
747 1053 952 1106 venerit,
983 1054 1167 1114 assequi
1201 1055 1276 1098 vix

73 1131 234 1192 possit.
274 1133 389 1188 Quae
426 1132 586 1175 omnia
625 1147 722 1174 non
759 1128 904 1173 modo
930 1140 1168 1186 nostram,
1195 1131 1276 1175 sed

78 1223 381 1252 communem
414 1209 728 1271 interpretum
751 1205 1073 1252 conditionem
1108 1207 1276 1253 duram

75 1285 185 1328 satis
205 1293 252 1328 et
269 1285 484 1346 iniquam
506 1300 604 1328 esse
624 1282 819 1337 docent,
849 1284 913 1326 ita
941 1292 994 1327 ut
1022 1299 1077 1327 eo
1106 1300 1276 1346 genere

81 1361 299 1424 perfectae
319 1362 500 1425 aliquid
521 1372 565 1407 et
586 1361 810 1406 absoluta:
830 1375 985 1421 operae
996 1362 1074 1405 vix
1092 1377 1277 1424 exspec-

69 1441 157 1485 tari
184 1443 346 1503 possit.

138 1539 257 1584 Mihi
293 1556 404 1584 vero
445 1542 494 1584 in
532 1540 728 1602 Virgilio
764 1541 1007 1602 perpetuis
1038 1555 1274 1586 commen-

69 1618 200 1661 tariis
237 1617 541 1671 illustrando,
580 1629 625 1663 et
661 1619 863 1679 majores
896 1628 942 1663 et
980 1618 1139 1681 plures
1173 1636 1273 1664 mo-

69 1693 211 1739 lestiae
255 1693 606 1755 objiciebantur
625 1731 636 1749 ,
684 1711 740 1739 ex
783 1697 1083 1758 superiorum
1131 1697 1273 1740 inter-

72 1781 261 1835 pretum
288 1775 444 1836 copia,
468 1783 514 1818 et
531 1774 791 1818 multorum
811 1790 1009 1836 operosa
1035 1790 1272 1820 commen-

73 1850 265 1894 tatione.
298 1853 419 1896 Nam
450 1852 498 1894 in
530 1861 671 1914 poeta
694 1850 937 1906 versabar,
980 1867 1007 1894 a
1036 1860 1107 1894 tot
1134 1852 1274 1895 inter-

75 1926 289 1990 pretibus
308 1937 487 1973 tentato
500 1963 511 1983 ,
538 1938 612 1983 ut,
642 1930 678 1972 si
699 1930 1029 1990 unusquisque
1048 1944 1104 1972 ex
1123 1929 1178 1973 iis
1197 1929 1271 1974 vel

74 2019 226 2048 unum
260 2014 443 2049 tantum
475 2004 634 2049 locum
669 2006 778 2048 satis
814 2004 1109 2061 illustrasset,
1151 2005 1271 2050 nihil

71 2083 121 2127 in
141 2091 243 2127 toto
262 2081 461 2144 Virgilio
482 2082 783 2127 obscuritatis
808 2083 1023 2128 relictum
1049 2099 1170 2140 esse3
1197 2086 1268 2129 sin

41 2186 48 2196 ·
73 2176 224 2207 unum
256 2160 419 2206 saltem
447 2160 648 2222 quilibet
672 2160 830 2206 locum
862 2160 1179 2217 obscurasset,
1216 2164 1265 2207 in
