1377 2428
562 89 683 119 LIBER
707 90 765 119 111.

120 147 183 182 Est
199 146 309 181 etiam
329 144 391 181 ille
410 146 527 182 malus
543 147 710 184 Calabris
730 148 768 184 in
788 146 943 184 saltibus
963 144 1112 194 anguis,

69 207 255 254 Squaniea
272 206 498 242 convolvens
516 206 665 243 sublato
684 218 838 258 pectore
858 217 981 256 terga,

66 266 191 313 Atque
207 266 305 303 notis
321 267 469 316 longam
485 267 695 304 maculosus
712 267 918 318 grandibus
939 267 1064 302 alvum
1081 281 1091 311 3

66 326 161 370 Qui,
180 326 268 362 dum
289 339 414 363 amnes
432 326 499 363 ulli
515 338 745 377 rumpuntur
762 327 949 372 fontibus,
970 335 1006 362 et
1024 325 1113 361 dum

67 388 162 422 Vere
182 386 333 423 madent
351 387 428 424 udo
449 396 559 423 tcrrae
577 401 619 424 ac
636 388 865 438 pluvialibus
886 386 1042 431 austris,

68 447 206 494 Stagna
226 446 334 491 colit,
354 446 522 496 ripisque
541 446 734 494 habitans,
755 448 817 484 hic
837 446 1003 497 piscibus
1025 453 1142 481 atram

1207 453 1256 480 430

66 506 256 555 inprobus
276 507 479 556 ingluviem
499 508 675 558 ranisque
694 508 918 558 loquacibus
935 506 1071 556 explet.

63 567 265 615 Postquam
280 576 411 603 exusta
427 567 546 617 palus,
567 577 752 617 terraeque
770 567 906 604 ardore
927 566 1125 603 dehiscunt
1138 593 1148 609 ‚

63 626 195 662 Exsilit
215 627 254 662 in
274 627 432 673 siccum,
452 635 489 663 et
508 628 736 665 flammantia
757 628 899 665 lumina
919 635 1098 676 torquens

62 686 177 722 Saevit
197 686 313 736 agris,
335 700 520 737 asperque
540 688 602 727 siti
625 698 737 738 atque
757 688 960 725 exterritus
980 695 1083 724 aestu.

59 822 185 859 poetico
198 832 286 851 more
298 831 356 861 pro
370 822 484 861 plurali
498 832 631 852 numero

58 868 198 904 positum
220 875 281 904 est,
298 868 431 896 verbum
453 868 574 907 plurale
596 869 631 897 in

59 912 153 943 codd.
178 915 340 954 jungitur,
358 920 396 942 ut
417 924 485 953 sup.
507 914 564 944 Ge.
581 916 627 948 ΙΙ,

61 958 103 997 89
123 960 266 999 pendent
282 959 456 989 vindemia.
478 961 548 990 AEn.
563 962 627 996 ΙΙΙ,

63 1010 124 1039 142
141 1006 277 1035 Gudian.
296 1005 417 1034 Victum
435 1016 524 1046 seges
538 1017 627 1048 tegra

57 1051 227 1091 negabant.
243 1054 281 1081 In
299 1053 460 1092 perpetuis
478 1058 581 1082 tamen
593 1053 627 1082 li-

56 1096 234 1128 brariorum
251 1099 285 1127 in
305 1098 366 1127 1100
384 1108 496 1139 genere
512 1100 625 1129 errori-

55 1143 116 1172 bus
134 1144 215 1174 nihil
238 1151 353 1174 temere
376 1144 545 1182 affirmem,
569 1156 627 1175 1100

55 1199 167 1228 parum
181 1197 280 1220 tutam
294 1191 478 1230 elegantiam
494 1198 624 1231 captem.

104 1236 181 1270 425.
196 1238 243 1266 De
260 1235 434 1274 Clzersydro
444 1248 499 1265 seu
513 1237 625 1275 dryino

55 1287 86 1309 et
103 1281 219 1320 dryina
234 1282 313 1323 agit.
329 1283 384 1312 Est
405 1289 436 1311 et
446 1282 498 1312 hic
511 1294 551 1312 ex
566 1283 625 1324 hy-

55 1326 187 1356 drorum
200 1338 329 1368 genere,
349 1328 448 1357 forma
463 1329 572 1358 similis
584 1329 626 1358 fe-

54 1383 87 1401 re
103 1373 202 1413 aspidi
220 1374 362 1403 chersaere
374 1385 488 1414 parvae.
507 1376 624 1404 Versus

54 1417 92 1447 de
102 1429 140 1448 eo
154 1419 304 1449 Nicandri
317 1420 456 1450 Theriac.
470 1421 533 1459 359
545 1431 624 1461 sqq.‚

53 1475 133 1504 quos
146 1467 299 1505 expressit
311 1466 475 1505 Virgilius.
489 1466 625 1496 Videtur

52 1510 91 1540 de
113 1510 223 1540 eodem
245 1512 278 1540 111
297 1512 404 1541 Cuh'ce
429 1513 495 1552 agi3
518 1514 623 1542 nescio

51 1567 92 1586 an
107 1564 137 1586 et
153 1558 209 1586 inf.
225 1559 282 1594 IV,
305 1558 380 1596 459.
405 1559 555 1597 Respexit
575 1559 621 1588 10-

51 1613 123 1632 011111
149 1604 265 1633 Statius
292 1603 393 1634 Theb.
418 1605 459 1640 V,
485 1604 549 1644 529
575 1614 620 1643 sq.

50 1665 98 1671 ·—-
122 1650 200 1685 426.
227 1649 360 1679 Lubrica
387 1660 446 1690 pro
467 1661 622 1690 squamea

49 1696 166 1727 Moret.
195 1707 243 1736 pr.
270 1703 301 1725 et
324 1697 449 1737 Menag.
476 1707 524 1736 pr.
549 1707 622 1725 cum

48 1752 115 1771 uno
131 1742 299 1779 Arundel„
317 1743 374 1782 qui
395 1750 425 1772 et
449 1743 535 1772 hunc
551 1753 620 1771 ver-

49 1797 119 1818 sum
147 1789 340 1819 exhibebant
372 1796 445 1828 post
479 1800 509 1818 v.
544 1789 620 1826 437,

48 1834 123 1862 item
143 1835 283 1865 Parrhas.
306 1834 367 1865 Sed
389 1836 559 1875 repetitum
576 1842 623 1864 est

47 1879 129 1909 illud
148 1891 223 1910 cum
236 1887 304 1910 toto
324 1891 417 1910 versu
431 1892 471 1910 ex
485 1883 556 1910 AEn.
571 1883 620 1918 ΙΙ,

50 1927 114 1963 473
132 1945 178 1949 —
198 1933 236 1964 47
245 1927 274 1956 5.
305 1927 435 1956 Sublato
462 1926 576 1957 Medic.
603 1937 621 1956 a

38 1983 130 2011 ‚man
167 1984 215 2014 pr.
247 1989 293 1995 ——-
323 1972 452 2002 Sublato
471 1979 615 2012 pectore,

48 2026 152 2049 erecto
169 2029 177 2050 :
193 2026 230 2048 ut
246 2019 284 2048 ad
300 2029 330 2048 v,
355 2024 417 2054 421
431 2029 438 2056 3
459 2019 524 2049 vid.
546 2019 579 2050 h.
596 2019 630 2060 l.-

49 2065 160 2096 Cerda.
175 2082 220 2088 ·—
240 2066 317 2101 428.
335 2064 620 2106 Rumpunturfon-

47 2111 140 2148 tibus,
175 2117 330 2152 rumpunt
351 2122 403 2148 se,
428 2119 615 2152 erumpunt,

47 2166 262 2199 prorumpunt
276 2169 324 2195 se3
340 2165 375 2187 ut
391 2159 448 2189 Ge.
466 2160 522 2196 IV,
539 2159 614 2188 368.

46 2203 108 2234 Hic
131 2205 163 2234 in
190 2206 283 2245 ripis,
307 2205 457 2236 abundat.
473 2223 519 2227 —
538 2205 613 2241 430.

686 823 806 852 Versus
818 821 905 850 abest
923 830 938 850 a
961 821 1088 858 Menag.
1105 828 1152 858 pr.
1174 818 1257 847 colet

686 868 772 898 Gud.
782 867 937 907 ripisque;
951 866 1119 896 molestum
1132 861 1166 894 τὸ
1181 874 1252 905 que,

684 922 715 944 et
728 913 762 944 τὸ
780 913 830 943 hic
839 914 922 943 :sive
939 912 976 942 ad
992 918 1124 953 stagna,
1137 911 1203 940 sive
1216 910 1254 938 ad

683 960 758 1001 ripis
779 959 892 989 referas
911 970 918 990 :
935 959 1037 988 multo
1062 964 1163 986 tamen
1187 967 1254 985 mo—

682 1007 788 1037 lestius
804 1013 865 1042 est,
889 1007 914 1035 si
928 1007 1017 1046 prius
1033 1003 1171 1044 adopteS.
1190 1004 1253 1031 Ve-

684 1063 756 1083 reor
770 1063 810 1082 ne
826 1053 954 1092 antiqua
967 1052 1076 1088 lectio,
1092 1050 1184 1079 metri
1193 1059 1253 1077 me-

683 1107 734 1136 tu,
745 1105 861 1128 mutata
872 1100 925 1135 sit,
938 1108 1011 1127 cum
1022 1103 1100 1126 esset
1114 1106 1122 1127 :
1137 1102 1253 1137 stagna

681 1145 758 1174 colit
789 1144 927 1185 ripisque
959 1143 1082 1172 habitat
1090 1154 1102 1178 ,·
1130 1141 1181 1170 hic
1207 1160 1253 1164 —-

680 1191 754 1220 hinc
761 1202 797 1231 p.
821 1192 844 1221 F
847 1191 1027 1226 raneianus,
1042 1189 1130 1229 quod
1147 1188 1251 1217 malim

679 1244 746 1266 tum
762 1248 798 1277 p.
817 1254 865 1259 —
888 1238 963 1272 431.
993 1234 1169 1276 Inglzwiem
1193 1235 1252 1263 im-

677 1284 808 1323 proprie
821 1282 902 1312 dixit
913 1293 973 1322 pro
994 1288 1103 1311 ventre
1113 1303 1120 1317 ‚
1136 1287 1174 1310 ut
1188 1281 1251 1318 jam

678 1330 822 1366 Servius3
840 1338 913 1357 nam
935 1328 1063 1368 proprie
1080 1333 1125 1355 est
1139 1324 1251 1368 πρόλε-

680 1370 749 1411 ἕες,
776 1381 813 1404 ut
838 1375 873 1404 in
899 1374 1026 1410 avibus,
1052 1373 1193 1412 primum
1217 1373 1251 1400 in

678 1427 807 1459 gutture
834 1420 899 1449 cibi
934 1418 1176 1458 receptaculum.
1204 1435 1251 1440 —-

677 1468 793 1495 Atram
804 1472 908 1494 autem
922 1464 1019 1499 dixit,
1033 1464 1065 1493 h.
1077 1463 1231 1492 funestam
1241 1486 1248 1499 ‚

678 1512 840 1540 exitiosam
853 1533 861 1546 ‚
880 1511 1067 1540 luctuosam.
1084 1509 1248 1548 Inprobzzs,

676 1556 842 1586 immodice
869 1556 995 1592 avidus,
1022 1566 1132 1585 vorax.
1155 1566 1186 1585 v.
1212 1555 1250 1584 ad

678 1603 794 1642 Georg.
809 1605 840 1639 Ι,
865 1613 877 1631 1
888 1613 937 1642 19.

725 1650 802 1684 432.
838 1650 965 1678 Exusta
1000 1648 1174 1688 repositum
1209 1648 1248 1676 ab

676 1696 799 1732 Heins.,
812 1697 855 1725 ita
870 1696 955 1724 enim
968 1695 1155 1724 veterrimus
1169 1695 1251 1733 quis-

676 1752 754 1781 que,
782 1749 813 1770 et
843 1742 887 1770 sic
914 1741 996 1770 bene
1022 1739 1087 1769 dici
1115 1739 1249 1769 docebat

674 1788 822 1817 Burman.
851 1787 883 1817 h.
914 1787 936 1816 l.
967 1786 1028 1817 Sed
1062 1784 1248 1816 confirmem

674 1835 767 1863 etiam
795 1845 835 1862 ex
862 1832 1014 1863 Nicandri
1038 1834 1110 1862 loco
1121 1855 1129 1869 ‚
1161 1832 1248 1862 unde

674 1881 847 1920 expressit:
863 1877 932 1909 ἀλλ’
948 1877 1020 1908 ὅταν
1037 1875 1119 1921 ὕδωρ
1136 1876 1247 1921 Σείρισς

675 1924 800 1966 ἀζῆνῃσι
822 1925 876 1967 (11.
893 1923 1019 1967 {maim
1030 1924 1052 1967 ).
1076 1924 1247 1954 Exhausta

673 1972 771 2013 vuigo
794 1971 955 2012 legebatur
966 1994 974 2009 ‚
990 1979 1026 2001 ut
1041 1979 1072 2001 et
1087 1972 1121 2000 in
1144 1971 1248 2001 Medi-

674 2029 729 2048 ceo
752 2019 845 2048 Pierii
866 2025 931 2047 erat
952 2018 1194 2058 interpolatum,
1218 2025 1250 2047 et

674 2071 711 2094 ut
723 2064 810 2094 Gud.
827 2060 909 2095 Ven.
921 2064 1018 2094 Goth.
1035 2075 1084 2105 pr.
1097 2071 1128 2093 et
1139 2065 1246 2105 plures

670 2112 801 2140 Martini
813 2111 1016 2141 exhibebant.
1027 2128 1074 2133 —-
1084 2111 1124 2147 43
1131 2117 1161 2147 4.
1177 2112 1246 2139 Ser-

665 2157 730 2200 pita
742 2157 864 2188 Zulich.
886 2159 1050 2198 Asperque
1071 2157 1156 2186 sinus
1177 2157 1245 2186 Me-

670 2202 729 2234 dic.
745 2213 761 2232 a
777 2214 860 2234 man.
871 2215 919 2244 pr.
935 2203 1103 2233 E.z·ercitus
1116 2209 1194 2233 oestu
1208 2204 1242 2232 in
