1377 2428
520 71 641 101 LIBER
665 71 721 98 111.

23 130 257 178 Tempestas,
275 138 428 177 totoque
448 127 641 168 auctumni
661 125 857 162 incanduit
873 133 984 169 aestu,

26 192 73 226 Et
90 202 205 238 genus
226 200 334 225 omne
350 187 432 225 neci
451 187 641 237 pecudum
662 186 784 231 dedit,
801 197 911 221 omne
928 184 1112 228 ferarum3

1169 191 1217 218 1180

27 248 285 298 Conrupitque
305 248 424 294 lacus3
441 245 570 294 infecit
589 245 729 296 pabula
751 243 851 281 tabo.

27 310 106 345 Nec
123 307 184 343 via
199 307 329 343 mortis
350 315 429 343 erat
449 305 608 355 simplex
615 320 624 352 3
646 304 710 342 sed
733 304 801 340 ubi
815 304 925 353 ignea
943 302 1049 339 venis

29 365 215 403 Omnibus
232 374 313 402 acta
329 365 408 402 sitis
426 364 581 401 miseros
602 363 810 401 adduxerat
831 372 952 408 artus,

29 427 174 461 Rursus
194 423 411 461 abundabat
428 423 566 460 fluidus
582 424 726 473 liquor,
747 421 948 471 omniaque
969 421 1008 457 in
1023 434 1061 457 se

31 488 126 522 Ossa
145 485 355 521 minutatim
370 483 506 521 morbo
525 484 702 535 conlapsa
722 481 904 519 trahebat.

34 624 129 646 turno
142 617 267 657 frigore.
277 637 323 641 -—
339 620 378 655 48
388 629 414 647 1.
433 615 601 656 Corripuit-

34 673 94 702 que
108 663 250 702 quinque
262 675 311 704 ap.
325 666 433 695 Heius.
449 669 480 691 et
492 664 599 692 Burm.

35 706 100 738 dno
117 709 245 738 Martin.
264 711 360 741 Goth.
376 720 424 750 pr.
444 707 514 738 edd.
537 715 599 739 ant.

39 753 234 794 Cortipicque
261 757 426 786 Gudianus
438 777 446 790 ‚
475 754 600 783 aberra-

36 802 138 830 tiones
155 800 320 833 sollennes,
342 800 517 833 Confirmat
532 800 603 829 alte,-

37 857 108 876 rum
126 847 246 876 Pierius
260 858 276 877 e
292 852 384 880 Rom.
411 853 442 876 et
465 847 603 887 optimus

38 893 171 932 quisque
185 893 276 924 liber.
296 896 363 935 Que
388 894 473 923 abest
491 902 507 922 a
525 903 604 921 non-

36 938 144 968 nullis.
172 939 297 969 Pabula
323 940 429 970 morbo
455 940 536 968 ven.
560 955 606 961 —-

39 984 193 1015 Ordinem
204 1007 211 1021 ‚
228 987 331 1026 inquit
344 987 479 1020 sermm,
495 994 608 1024 sequu-

39 1037 91 1060 tus
106 1037 169 1066 est,
197 1041 292 1070 quem
314 1039 345 1061 et
366 1035 489 1062 Lucret.
505 1030 607 1059 tenuit

41 1077 88 1105 VI
100 1100 108 1114 ,
127 1083 212 1116 1094
225 1088 291 1118 sqq.
307 1085 337 1107 et
349 1077 530 1108 Sallustius:
545 1076 607 1116 pri-

41 1133 94 1152 mo
121 1133 221 1152 aerem
233 1146 241 1160 ,
269 1124 343 1154 inde
369 1134 479 1165 aquam
491 1145 498 1159 ‚
536 1129 608 1163 post

40 1169 156 1209 pabula
171 1180 234 1199 esse
247 1178 405 1211 corrupta.
424 1169 509 1200 Tabo
519 1191 528 1204 ‚
558 1179 609 1198 ve-

42 1225 125 1245 neno
137 1238 145 1252 ‚
166 1217 324 1246 mjasmate
340 1218 427 1247 aeris.
448 1215 532 1245 conf.
545 1216 608 1244 Lu—

44 1267 120 1291 cret.
133 1262 179 1291 VI
191 1283 199 1298 ,
228 1263 312 1292 1123
326 1284 334 1298 ,
362 1268 457 1298 1124.
471 1279 517 1284 -—-
532 1261 607 1296 482.

44 1307 114 1336 IVec
139 1306 198 1336 via
227 1309 335 1337 mortis
362 1316 432 1338 erac
460 1308 608 1347 simplex.

43 1363 112 1382 non
124 1363 208 1382 unus
218 1375 226 1390 ‚
242 1354 297 1383 sed
307 1356 386 1384 varii
400 1361 489 1383 erant
501 1354 612 1383 mortis

45 1397 142 1428 modi.
162 1400 208 1428 Ita
223 1399 286 1429 fere
303 1402 393 1431 Oros,
408 1402 439 1430 V
450 1422 458 1437 ‚
485 1410 501 1429 2
511 1410 524 1429 1
547 1400 612 1429 Nec

47 1444 156 1473 mortis
174 1452 244 1475 erac
254 1445 314 1475 via
330 1446 465 1486 simplex
478 1452 536 1474 auc
546 1455 612 1484 niza

47 1489 197 1521 conditio.
225 1492 384 1532 Accepere
404 1493 456 1522 ah'i
486 1492 530 1521 sic
540 1514 548 1528 ,
576 1498 613 1520 ut

48 1547 132 1566 mors
144 1547 211 1566 non
223 1538 264 1567 sit
277 1538 355 1568 levis
364 1561 372 1576 ‚
387 1538 441 1568 sed
452 1549 525 1568 cum
539 1537 614 1567 diris

48 1583 238 1612 cruciatibus
270 1585 446 1622 conjuncta.
474 1586 520 1614 Eo
549 1584 614 1613 fere

49 1627 130 1658 redit
140 1651 148 1666 ,
169 1629 257 1669 quod
273 1630 369 1660 habet
381 1632 506 1662 Servius
521 1640 529 1660 z
546 1631 615 1660 Nee

51 1673 266 1705 moriebantur
294 1687 336 1706 ex
372 1687 427 1706 usa
442 1700 450 1714 ‚
488 1676 524 1705 id
551 1683 614 1713 esc,

50 1721 221 1751 secundum
247 1723 428 1753 naturalem
453 1722 594 1752 ordinem
604 1735 616 1759 ,-

52 1778 116 1797 non
140 1774 264 1798 tantum
279 1769 366 1811 fuga
390 1769 510 1799 animae
522 1791 531 1805 ,
563 1769 622 1798 sed

53 1813 151 1843 eciam
173 1815 312 1855 corporis
336 1816 536 1845 resolutione.
560 1816 620 1844 Est:

54 1865 160 1889 autem
174 1861 336 1897 Sallustii,
358 1862 415 1902 qui
428 1862 476 1891 ait
490 1860 620 1902 infrag-

55 1913 150 1936 menc.
164 1905 274 1937 incert.
289 1918 300 1936 :
323 1908 392 1938 Nec
409 1907 544 1948 simplici
555 1907 622 1947 qui-

55 1952 128 1982 dem
158 1959 257 1982 morte
285 1953 510 1984 moriebantur.
543 1955 622 1984 Sane

48 2009 141 2028 ‘mors
153 1998 291 2039 simplex
303 1999 418 2029 djcitur
428 2023 436 2038 ‚
462 2010 532 2040 quae
548 2000 620 2029 nul-

55 2045 94 2075 lis
109 2046 274 2075 tormentis
291 2056 325 2075 ac
343 2045 508 2076 doloribus
526 2047 622 2087 gemi-

57 2098 152 2122 natur
161 2114 170 2129 ‚
184 2098 222 2120 ut
232 2092 268 2121 in
281 2092 353 2122 loco
365 2103 381 2122 0
394 2095 523 2123 Sueton.
545 2092 621 2122 Caes.

60 2140 104 2174 84
121 2148 139 2167 a
154 2139 261 2168 Burm.
287 2138 421 2169 laudato.
443 2157 490 2161 —-
512 2139 624 2174 482——

61 2184 136 2222 485.
151 2185 291 2214 Primum
305 2191 382 2215 aestu
397 2184 493 2215 febris
504 2185 626 2227 ingenti

1173 489 1221 517 455

655 627 689 645 ac
703 617 755 645 siti
771 622 871 644 totum
891 624 1004 655 corpus
1025 613 1223 645 t0r1·ebatur;

654 673 731 692 mox
743 661 982 691 contabescebat
999 661 1223 700 colliquatione

656 719 691 737 ac
719 707 909 736 resolutione
938 707 1083 735 omnium
1112 705 1224 734 humo-

655 764 737 783 rum.
754 752 826 782 Sitis
840 762 898 792 pro
914 759 1010 787 aestu,
1027 752 1129 781 calore
1141 773 1149 787 ‚
1165 761 1224 780 un-

656 799 694 829 de
717 800 784 828 sitis
810 799 930 835 oritur,
958 804 995 826 nt
1015 798 1078 835 jam
1099 797 1225 828 Servius

657 846 814 886 exposuit.
843 843 918 873 Sitis
948 843 1061 883 ignea,
1084 850 1120 872 ut
1149 844 1224 873 Stat.

658 891 758 922 Theb.
776 891 834 927 IV,
851 889 917 929 699
933 888 1040 919 haurit
1054 887 1119 919 sicis
1132 888 1227 930 ignea

659 947 808 977 campos;
824 936 883 965 ubi
896 936 949 965 alii
960 958 967 972 ‚
991 946 1032 965 ex
1045 936 1228 975 interpreta-

660 985 745 1013 tione
756 1005 764 1019 ,
779 981 882 1012 arida.
893 998 940 1004 -—·
951 981 1024 1011 Sitis
1038 988 1112 1011 acea
1126 981 1225 1010 omni-

661 1030 715 1059 bus
728 1028 836 1065 venis,
851 1039 907 1068 per
920 1038 1030 1058 omnes
1040 1037 1149 1064 venas,
1165 1038 1229 1057 om-

661 1086 716 1106 nes
737 1074 903 1111 humores,
922 1081 1109 1114 penetrans,
1128 1084 1159 1103 se
1184 1075 1229 1103 in-

661 1123 800 1151 sinuans.
828 1120 948 1150 Intiina
969 1131 1047 1161 pars
1069 1119 1230 1149 hominum

650 1167 812 1211 flagravit
831 1167 878 1196 ad
900 1177 989 1204 ossa,
1015 1168 1138 1197 anret.
1163 1168 1229 1202 VI,

668 1214 764 1244 1166.
805 1213 999 1243 Adduxerac
1024 1220 1127 1247 arius,
1159 1218 1231 1241 cute

664 1266 823 1290 contracta
835 1282 843 1296 ‚
871 1259 959 1299 quod
984 1260 1025 1289 sit
1049 1269 1085 1288 ea
1111 1268 1232 1287 exares-

665 1313 754 1336 cente
766 1328 774 1342 ‚
799 1312 835 1334 ut
853 1305 888 1334 in
902 1305 993 1335 febri.
1019 1304 1170 1334 Adducta
1183 1315 1234 1333 cu-

666 1353 704 1383 tis
713 1363 753 1382 ex
763 1351 878 1382 Ovidio
894 1359 968 1381 nota
977 1353 1068 1387 Met.‚
1082 1352 1141 1388 ΙΙΙ,
1157 1350 1232 1389 398.

666 1397 912 1440 Liquorfluidus
922 1421 931 1434 ‚
943 1397 1093 1427 humores
1106 1405 1236 1436 corrup-

666 1447 690 1475 ti
701 1468 708 1481 ‚
726 1444 992 1483 colliquescentes‚
1009 1443 1126 1472 tabum.
1149 1441 1233 1471 conf.

666 1490 848 1521 Lucretiam
862 1492 920 1526 VI,
937 1499 1021 1519 1202
1038 1496 1069 1518 et
1082 1489 1136 1518 rel.
1157 1489 1235 1517 Tra-

667 1536 761 1566 keba:
792 1536 899 1565 omnia
926 1546 997 1566 ossa
1024 1535 1056 1565 in
1081 1545 1130 1572 se,
1159 1532 1236 1563 dum

668 1583 757 1624 quasi
771 1583 805 1611 in
824 1582 896 1611 taho
912 1588 1056 1612 natarent
1067 1603 1075 1618 ,
1094 1591 1165 1610 ossa
1179 1579 1236 1609 mi—

669 1628 804 1659 nutatim
826 1628 933 1658 morbo
955 1628 1099 1667 collapsa
1113 1639 1126 1663 ;
1149 1627 1238 1664 cujus

670 1677 791 1717 generis
812 1675 1001 1718 liquationes
1024 1681 1055 1703 et
1074 1673 1239 1703 resolutio-

670 1732 726 1751 nes
742 1722 860 1751 ossium
875 1722 968 1750 etiam
991 1722 1027 1749 in
1041 1719 1108 1749 aliis
1121 1718 1240 1748 morbis

671 1767 826 1798 videmus.
852 1769 899 1796 De
921 1767 992 1795 tabe
1014 1772 1045 1794 et
1070 1764 1240 1805 putredine

673 1814 881 1849 cadaverum,
904 1823 971 1842 non
993 1811 1032 1841 de
1052 1810 1110 1840 hac
1123 1833 1131 1847 ‚
1161 1811 1241 1840 acci-

672 1859 808 1902 piendus
820 1861 963 1889 Lucanus
977 1859 1024 1887 VI
1035 1880 1043 1895 ‚
1065 1857 1106 1886 88
1127 1856 1243 1896 Corpo-

674 1918 712 1937 ra
731 1906 806 1935 dum
829 1904 920 1934 solvit
945 1904 1032 1933 tabes
1053 1911 1086 1933 ec
1112 1902 1242 1944 digerit,

676 1952 835 1988 diminuit,
850 1949 989 1987 resolvit,
1003 1956 1154 1979 arcus.—-
1166 1949 1242 1984 483.

676 2001 783 2029 Aucta
803 1997 870 2026 sitis
892 1996 1031 2026 Parrhas.
1049 2002 1128 2035 apta
1145 1995 1242 2025 Goth.

675 2057 724 2086 pr.
741 2043 923 2073 abduxerat
934 2043 1054 2082 aliquot
1067 2052 1116 2082 ap.
1134 2042 1243 2071 Burm.

676 2102 750 2121 cum
764 2089 834 2120 edd.
845 2089 940 2119 Aldd.
953 2090 971 2118 J
976 2095 1044 2118 unt.
1055 2087 1067 2130 (
1077 2087 1131 2118 sed
1143 2097 1247 2117 emen-

677 2137 781 2166 datius
805 2135 891 2165 dedit
925 2135 1101 2176 Naugerius
1136 2133 1246 2165 Aldin.

678 2190 748 2214 tert.
764 2181 776 2223 )
791 2182 888 2212 Goth.
904 2192 965 2212 sec.
978 2204 986 2218 ‚
1015 2182 1108 2211 etjam
1132 2180 1252 2212 Philan
