1408 2428
612 64 731 93 LIBER
756 63 797 91 ΙΙ.

113 122 202 157 Haec
219 120 299 156 loca
319 133 394 155 non
413 120 509 156 tauri
525 119 705 169 spirantes
726 120 880 157 naribus
898 121 1021 170 ignem
1253 132 1298 157 140

113 182 322 225 Invcrtere,
340 180 427 216 satis
444 179 615 216 immanis
633 179 807 216 dentibus
829 179 959 229 hydri3

113 241 191 274 Nec
211 239 323 288 galeis
343 238 540 287 densisque
556 239 681 275 virum
701 252 804 289 seges
823 239 971 276 horruit
991 240 1106 277 hastis
1124 255 1131 275 :

113 298 188 334 Sed
206 299 369 348 gravidae
390 299 533 348 fruges,
554 309 591 336 et
611 299 746 336 Bacchi
764 300 945 337 Massicus
964 300 1102 337 humor

113 359 338 407 Implevere3
357 367 482 395 tenent
503 359 593 396 oleae
610 368 852 408 armentaque
869 360 964 396 laeta.

112 418 208 454 Hinc
228 418 386 455 bellator
405 421 524 468 equus
542 432 674 469 campo
692 431 771 457 sese
789 419 928 457 arduus
946 420 1075 466 infert,
1252 439 1261 453 1
1273 432 1297 458 15

112 477 208 513 Hinc
226 477 318 523 albi,
335 478 540 524 Clitumnc,
558 492 706 529 greges,
728 489 763 516 et
780 492 954 516 maxuma
974 489 1102 516 taurus

1236 64 1298 100 239

111 537 289 583 Victima,
307 550 405 587 saepe
426 548 491 575 tuo
511 540 654 589 perfusi
675 539 827 576 flumine
845 553 970 585 sacro,

111 599 300 633 Romanos
321 598 367 634 ad
387 600 524 648 templa
542 600 653 636 deum
674 599 815 636 (luxere
834 600 1056 649 triumphos.

112 752 254 781 fabulosa
280 754 423 781 Evemeri
443 775 452 788 ,
483 752 608 782 Arabiae
639 753 679 782 ab

113 800 242 828 Oriente
266 798 409 835 objecta,
431 808 525 837 quam
553 809 593 827 ex
615 800 678 828 En-

112 845 157 872 nii
173 846 324 873 Evemero
349 851 438 873 norat
454 845 614 884 Virgilius.
638 845 676 873 cf.

112 889 206 919 Diod.
222 891 271 925 V,
289 895 326 923 41
340 911 348 923 ,
367 891 422 918 etsi
445 896 475 918 et
494 890 540 919 ibi
559 889 678 919 diversa

113 942 159 965 est
173 935 273 964 insula
295 935 432 964 turifera.
456 935 606 976 Pinguis,
624 942 679 965 aut

112 988 241 1022 propter
255 988 304 1010 tus
318 982 452 1022 pingue,
467 982 553 1020 quod
570 983 679 1011 resinae

113 1035 257 1056 naturam
279 1027 392 1064 habe13
411 1034 465 1056 aut
486 1027 612 1063 fertilis,
631 1035 678 1056 ιιι-

114 1072 216 1114 riferis
234 1073 357 1110 arenis,
376 1074 443 1103 solo
461 1084 607 1109 arenoso,
624 1074 680 1113 qui

114 1120 218 1148 frutex
246 1120 325 1149 turis
349 1121 540 1155 innascitur,
564 1119 597 1149 h.
619 1131 679 1160 pro

115 1173 200 1201 ture;
216 1165 254 1195 de
267 1176 331 1205 quo
347 1165 409 1195 xid.
425 1166 503 1196 Plin.
520 1167 599 1201 XII,
621 1172 658 1201 14
670 1189 678 1203 ,

114 1222 138 1241 s.
160 1213 202 1241 30
218 1222 285 1251 sqq.
304 1213 341 1241 In
356 1222 447 1252 prosa
469 1211 587 1241 diceres
604 1222 611 1242 :
627 1212 680 1241 ha-

114 1258 192 1287 bens
214 1258 336 1295 solum,
361 1258 449 1297 quod
476 1258 535 1287 fert
561 1259 679 1299 pingue

115 1310 174 1333 tus.

166 1355 228 1385 140
243 1367 288 1372 ——
312 1356 384 1386 142.
411 1352 494 1380 Nota
518 1350 622 1380 fabula
642 1351 680 1380 de

116 1395 264 1425 dentibus
287 1396 433 1426 draconis
451 1396 490 1425 ab
511 1398 627 1426 Jasone
642 1397 681 1426 ad

116 1442 363 1482 expugnandum
378 1442 478 1471 vellus
495 1441 681 1472 Colchicum

116 1487 258 1527 profecto
283 1489 374 1525 satis,
404 1495 434 1517 et
460 1489 536 1518 viris
558 1491 682 1519 armatis

115 1534 190 1563 hinc
219 1534 437 1564 enascentibus
457 1557 464 1572 ,
495 1535 552 1574 qui
579 1536 679 1574 Sparti

115 1579 202 1610 dicti.
222 1592 252 1610 v.
277 1580 428 1621 Apollon.
448 1582 514 1617 III,
533 1586 597 1620 409
613 1592 681 1621 sqq.

116 1626 247 1656 Horruit
258 1625 423 1666 pulchrius
435 1637 529 1667 quam
539 1628 676 1664 exstitit,

117 1673 213 1710 exiit,
229 1679 300 1702 nata
311 1679 366 1702 est.
374 1675 491 1702 Versus
510 1679 571 1709 140
586 1680 683 1702 trans-

116 1719 196 1748 latus
225 1729 265 1748 ex
286 1721 409 1749 Lucret.
430 1721 469 1749 V.
488 1730 529 1760 29
550 1721 594 1749 Ec
606 1719 681 1748 Dio-

116 1765 216 1794 medis
255 1765 330 1805 equi
366 1765 522 1805 spirantes
555 1765 682 1794 naribus

116 1810 232 1851 ignem.
243 1828 289 1833 —-—
307 1812 380 1846 143.
395 1814 514 1852 Fruges
526 1811 680 1852 gravidae,

115 1856 204 1886 laetae.
220 1869 251 1887 v.
282 1857 322 1886 ad
343 1858 400 1887 Ge.
420 1859 454 1894 Ι,
481 1859 556 1897 319.
586 1859 682 1887 Mons

117 1902 280 1940 Massicus,
297 1903 474 1943 Campaniae
484 1926 492 1940 ‚
503 1904 541 1933 ad
555 1905 679 1935 Sinues-

117 1959 180 1978 sam
191 1972 199 1985 ‚
216 1950 335 1979 vitibus
363 1951 513 1982 consitus.
530 1959 582 1972 ‘—
606 1955 678 1985 144.

118 1995 268 2035 Oleaeque
284 2002 354 2024 ante
371 1996 478 2026 Heius.
499 1997 553 2036 qui
566 1997 679 2026 Pieria-

114 2051 172 2070 nos
189 2041 360 2071 nonnullos
381 2048 412 2071 et
426 2052 500 2072 suos
515 2053 622 2072 omnes
635 2052 680 2071 se-

113 2095 233 2126 quutus
250 2111 258 2124 ‚
294 2097 361 2127 ‘que
394 2088 538 2125 sustulit3
574 2089 681 2128 sicque

113 2133 206 2163 codd.
224 2134 409 2163 auctoritate
422 2134 562 2164 exulavit
570 2157 581 2174 ⁹,
592 2134 679 2174 quod

114 2190 239 2215 versum
268 2181 517 2215 numerosiorem
555 2187 585 2213 et
609 2190 678 2211 sua-

733 754 853 782 viorem
883 753 1007 781 faceret.
1039 769 1084 774 -—
1122 754 1203 781 Lata
1240 763 1300 792 pro

733 799 807 827 loeta
824 808 889 827 non
904 799 1039 835 conjecit
1058 797 1152 827 modo
1164 820 1172 834 ‚
1195 798 1248 827 sed
1270 806 1301 827 et

731 845 765 873 in
787 851 909 873 textum
935 844 1053 883 recepit
1078 843 1201 873 W'akef.
1226 846 1300 884 quia

732 889 815 929 apud
848 891 975 919 Homer.
1014 887 1142 919 αἰπόλια
1175 889 1299 920 πλατέα.

734 933 841 977 oti-*scum

784 982 843 1016 145
859 999 903 1003 -—
926 987 997 1018 147.
1017 983 1215 1011 Ornatissimi
1233 992 1300 1010 ver-

733 1038 785 1057 sus
799 1038 858 1068 pro
876 1036 882 1056 :
899 1028 933 1056 in
950 1027 1038 1056 Italia
1063 1029 1136 1067 equi
1158 1035 1188 1057 et
1203 1027 1301 1057 boves

732 1080 913 1113 praestantes
928 1081 1111 1103 nascuntur.
1125 1073 1301 1103 Clitumnus

736 1119 874 1149 Umbriae
882 1120 1098 1159 Cisapenniuae
1108 1118 1235 1155 fluvius,
1245 1119 1302 1148 ubi

731 1167 823 1203 juxta
852 1166 965 1195 urbem
993 1167 1172 1195 Mevaniam
1200 1166 1301 1195 Tiniae

733 1222 764 1240 se
789 1213 933 1247 miscuit,
949 1222 1021 1240 cum
1041 1222 1078 1241 eo
1100 1211 1139 1240 ad
1161 1211 1300 1240 Tiberim

733 1257 904 1287 descendit.
962 1258 1072 1297 Campi
1126 1256 1302 1294 adjacentes

733 1306 906 1333 etiamnum
923 1304 1070 1333 armentis
1089 1303 1243 1343 opulenti.
1260 1304 1300 1333 cf.

734 1350 771 1379 de
790 1351 951 1380 Clitumno
961 1351 1041 1389 Epp.
1058 1349 1137 1379 Plin.
1153 1350 1250 1385 VIII,
1270 1350 1300 1379 8.

735 1396 813 1426 Albi
823 1406 952 1436 greges,
969 1397 1042 1435 quia
1058 1394 1196 1424 fluminis
1213 1397 1301 1435 aquis

735 1453 768 1471 ea
798 1443 844 1471 vis
873 1443 972 1471 'messe
994 1441 1182 1481 putabatur,
1202 1448 1238 1470 ut
1254 1451 1301 1469 ar-

735 1495 839 1518 menta
874 1487 1013 1517 candido
1050 1487 1156 1516 colore
1189 1494 1300 1517 essent.

735 1535 841 1565 Simile
857 1533 935 1574 quid
951 1533 1104 1563 creditum
1120 1532 1158 1562 de
1181 1533 1302 1562 Galaeso

736 1582 769 1610 in
784 1591 858 1622 agro
876 1581 1047 1611 Tarentino
1059 1601 1066 1615 ‚
1084 1579 1123 1609 cf.
1139 1578 1177 1608 ad
1191 1581 1301 1609 Horat.

736 1627 796 1658 Od.
813 1629 860 1662 ΙΙ,
885 1627 905 1656 6
918 1651 925 1663 ,
948 1637 1003 1662 10;
1031 1632 1061 1654 et
1076 1625 1302 1655 Scamandrum

736 1675 844 1714 opinio
856 1673 914 1702 fuit
930 1673 1038 1702 rutilas
1054 1671 1182 1701 reddere
1193 1672 1302 1701 ovium

735 1720 830 1750 lanas.
854 1719 893 1749 cf.
918 1721 1049 1750 Aristot.
1066 1719 1106 1748 H.
1124 1719 1164 1747 A.
1180 1719 1243 1753 ΙΙΙ,
1270 1728 1301 1747 2.

735 1766 806 1795 Alia
823 1777 853 1795 v.
871 1765 905 1794 in
920 1772 995 1795 nota
1008 1763 1177 1793 Becmanni
1193 1762 1231 1792 ad
1244 1763 1301 1793 lib.

735 1811 773 1841 de
786 1811 902 1841 Mirab.
923 1813 1020 1841 Ausc.
1038 1821 1065 1839 c.
1090 1810 1163 1844 184.
1185 1811 1304 1838 Taurus

736 1858 774 1887 ab
793 1858 840 1886 his
865 1859 946 1887 arvis
970 1856 1123 1885 adductus
1149 1854 1303 1884 candidus

733 1903 868 1933 victima
892 1904 925 1932 in
958 1901 1121 1941 triumpho
1146 1901 1303 1930 immolari

733 1950 833 1979 solita.
856 1949 970 1979 Omnia
988 1948 1056 1977 haec
1077 1948 1150 1976 satis
1163 1957 1179 1976 a
1194 1948 1301 1976 multis

732 1996 885 2024 illustrata
900 2004 907 2024 ε
925 1993 997 2024 vide
1016 1993 1068 2023 vel
1083 1992 1224 2024 Cerdam.
1242 1993 1303 2024 Sed

733 2042 757 2070 ii
781 2041 861 2070 tauri
884 2051 956 2069 cum
984 2047 1054 2070 ante
1079 2038 1302 2079 triumphantis

734 2097 864 2117 currum
890 2086 1082 2116 ducerentur
1098 2108 1107 2122 ,
1137 2085 1213 2115 hjnc
1241 2086 1302 2126 ipsi

734 2134 846 2162 ducere
863 2132 1034 2173 triumphos
1057 2132 1104 2161 ad
1117 2131 1236 2171 templa
1255 2131 1301 2160 (11Ξ

734 2186 862 2209 cuntur.
