1408 2428
554 68 721 98 ECLOGA
747 71 783 98 'V,
1224 81 1239 107 7
1251 81 1260 98 1

74 128 172 161 Dum
187 125 278 174 juga
298 123 433 161 montis
450 137 558 174 aper,
575 126 712 163 fluvios
730 127 819 162 dum
836 127 948 175 piscis
965 128 1124 174 amabit,

73 187 248 233 Dumque
264 184 393 233 thymo
410 193 611 233 pascentur
628 197 735 233 apes,
752 185 841 221 dum
860 198 944 223 rore
961 187 1097 224 cicadae
1115 201 1124 221 :

74 246 230 293 Semper
246 244 364 280 honos
379 257 591 294 nomenque
607 253 715 280 tuum
730 244 935 294 laudesque
950 246 1165 283 manebunt.

74 304 126 339 Ut
140 303 287 340 Baccho
304 303 525 353 Cererique,
546 303 616 339 tibi
631 303 684 340 sic
699 313 788 341 vota
803 313 896 353 quot
918 305 1024 341 annis

74 363 257 412 Agricolae
273 362 426 410 facient3
444 363 638 401 damnabis
656 372 696 400 tu
713 377 864 413 quoquc
880 365 988 402 votis„
1237 375 1267 397 80

594 436 746 461 mopsus.

75 488 168 530 Quae
184 484 270 530 tibi,
287 497 370 534 quae
386 484 451 521 tali
469 484 627 521 reddam
644 497 716 533 pro
734 483 898 520 carmine
915 484 1030 520 dona!

74 547 169 581 Nam
183 557 305 593 neque
326 557 385 580 me
401 552 546 580 tantum
561 543 745 580 venientis
761 542 891 579 sibilus
908 544 1044 587 austri,

73 606 151 640 Nec
166 616 343 654 percussa
353 603 486 652 juvant
501 602 618 639 fluctu
634 612 709 639 tam
724 603 835 639 litora
846 630 856 647 ‚
873 616 942 639 nce
956 615 1039 651 quae

75 665 233 700 Saxosas
246 663 345 699 inter
359 662 565 699 decurrunt
580 662 735 698 flumina
749 662 876 698 valles.

569 735 773 758 MENALCAS.

76 784 155 817 Hac
171 789 207 817 te
222 792 290 817 nos
308 780 431 830 fragili
447 781 670 818 donabimus
690 789 774 816 ante
795 780 937 825 cicuta;
1238 789 1267 812 85

76 843 164 876 Haec
180 853 247 876 nos
258 868 267 885 ‚
288 842 510 876 Formosum
525 839 703 888 Corydon
725 838 882 874 ardebat
898 838 1031 874 Alexin
1050 853 1057 872 ε

77 901 165 935 Haec
180 899 310 935 eadem
327 898 456 935 docuit
467 927 476 944 ‚
494 899 627 948 Cujum
644 901 785 949 pecus?
803 911 847 935 an
865 897 1060 934 Meliboei?

75 1034 206 1066 tandum
215 1036 398 1077 simpliciter
407 1038 444 1067 de
457 1038 535 1068 festo
544 1038 644 1079 Nym-

75 1082 224 1121 pharum,
242 1090 272 1111 et
289 1083 386 1113 altero
404 1083 482 1114 festo
499 1095 644 1125 agrorum

73 1128 322 1159 lustrandorum.
330 1131 488 1160 Discernit
497 1132 563 1170 ipse
571 1141 645 1170 poe-

76 1180 104 1202 ta
130 1175 237 1213 paullo
269 1183 340 1215 post
367 1187 397 1206 v.
432 1187 474 1216 79
485 1199 493 1213 ‚
522 1187 646 1206 sacrum

75 1218 189 1249 Bacchi
213 1227 243 1249 et
262 1222 383 1251 Cereris
405 1222 443 1252 ab
466 1223 538 1259 illo,
559 1222 646 1262 quod

74 1265 236 1305 Daphnidi
252 1268 444 1298 instituetur.
461 1286 507 1291 —-
520 1270 565 1297 Et
582 1269 646 1297 col-

75 1311 275 1342 lustrabimus
287 1321 358 1344 tres.
381 1314 648 1344 Conluslrabimus

76 1367 159 1386 unus
174 1359 282 1389 Burm.

124 1413 139 1439 7
146 1402 232 1442 6——7
239 1405 269 1434 8.
280 1406 466 1435 Fastidjtum
475 1416 563 1434 nunc
573 1405 647 1441 hoc,

75 1447 161 1487 quod
171 1448 325 1480 delectare
334 1451 444 1480 debuit
453 1461 573 1480 novum
583 1450 648 1479 dic-

75 1500 143 1522 tum
153 1495 187 1524 in
196 1502 288 1535 poeta
296 1496 360 1526 h.1.
375 1499 444 1526 AEn.
456 1498 482 1533 Ι,
497 1496 561 1534 607
579 1507 646 1536 sqq.

76 1546 106 1568 et
119 1541 185 1572 Ecl.
199 1543 224 1577 Ι,
239 1542 282 1571 60
297 1553 363 1582 sqq.
380 1549 417 1571 ut
426 1543 575 1582 temporis
590 1542 647 1570 du-

76 1587 154 1615 ratio
178 1597 234 1626 per
263 1587 417 1625 ejusmodi
447 1588 647 1617 inductiones

76 1631 261 1662 declaretur.
277 1649 322 1654 ——
331 1635 415 1662 Dum
432 1644 500 1662 rore
512 1633 646 1667 οἱεαᾶατ

77 1678 203 1718 antiqua
218 1680 338 1718 opinio.
357 1679 421 1708 vid.
445 1679 573 1708 Hesiod.
597 1681 645 1708 Sc.

76 1724 169 1753 Herc.
187 1725 261 1763 395.
273 1724 406 1755 Theocr.
417 1724 511 1765 Idyll.
522 1727 578 1761 IV,
595 1725 645 1753 16.

77 1768 116 1798 cf.
131 1770 236 1799 Ursin.
249 1770 462 1810 Cerda.—-77.
473 1772 652 1800 Pascuntur

77 1815 161 1845 Gud.
172 1815 259 1855 quod
267 1823 373 1846 tuetur
381 1818 467 1848 Cort.
475 1817 513 1845 ad
520 1817 599 1847 Plin.
607 1818 648 1853 ΙΙ,

78 1862 175 1900 Epist.
187 1872 284 1900 9.—-—7
291 1873 321 1902 9.
335 1863 388 1894 80.
403 1863 566 1893 Referetur
576 1873 649 1903 ergo

79 1906 219 1946 Daphnis
254 1910 289 1937 in
323 1908 455 1938 deorum
483 1909 649 1950 agrestium

78 1963 258 1983 numerum.
276 1954 453 1983 Damnabis
474 1962 506 1983 tu
526 1965 650 1993 quoque

78 1998 163 2027 motis
171 2021 178 2035 ‚
188 1998 221 2028 h.
232 2010 280 2035 eo,
291 2000 378 2039 quod
389 2000 532 2030 homines
542 2010 649 2028 earum

80 2054 201 2080 rerum,
221 2056 297 2084 quas
313 2056 329 2074 a
353 2052 383 2074 te
401 2048 521 2086 precati
543 2051 647 2081 erant,

80 2098 241 2130 compotes
261 2091 353 2127 facis,
370 2091 523 2132 obligabis
541 2101 593 2120 eos
612 2090 650 2119 ad

79 2143 162 2172 vota,
173 2147 243 2176 quae
259 2148 291 2165 ca
302 2138 390 2177 quasi
398 2138 458 2167 sub
469 2136 650 2167 conditione

46 2182 56 2190 ⁴
80 2183 211 2212 feceram
223 2206 231 2217 ,
249 2183 406 2213 solienda.
424 2187 485 2215 Res
500 2195 581 2223 szrpe
597 2183 651 2212 ob-

698 1039 747 1068 via
760 1062 768 1075 ‚
782 1039 826 1068 sic
841 1043 872 1068 et
883 1036 955 1068 voti
969 1047 1038 1066 reus
1051 1038 1121 1066 AEn.
1137 1037 1176 1071 V,
1195 1036 1271 1073 237.

699 1085 846 1115 Formula
881 1084 1031 1114 sollennis
1060 1091 1067 1111 :
1102 1082 1273 1110 damnatus

699 1131 780 1168 voci,
797 1130 851 1160 sed
866 1137 897 1159 et
912 1137 1000 1158 voto,
1023 1131 1148 1168 Spectat
1168 1134 1271 1157 autem

699 1177 761 1207 hoc
778 1177 815 1206 ad
841 1186 960 1206 numen
976 1173 1217 1210 declarandum,
1237 1180 1273 1201 ut

699 1234 766 1253 non
784 1222 879 1252 modo
895 1231 990 1257 sacra,
1006 1231 1117 1250 verum
1133 1226 1168 1248 nt
1181 1220 1272 1248 etiam

700 1280 806 1309 preces
822 1275 853 1297 et
872 1275 946 1297 vota
967 1266 1005 1295 ad
1020 1277 1093 1296 eum
1117 1265 1172 1305 qui
1190 1265 1274 1293 inter

700 1315 775 1345 deos
785 1314 900 1344 relatus
910 1320 965 1349 est,
976 1311 1063 1347 flant,
1079 1318 1178 1350 utque
1187 1317 1272 1345 vota,

700 1372 733 1389 re
747 1362 909 1399 impetrata
920 1381 928 1395 ‚
945 1359 973 1387 ei
987 1356 1217 1397 persolvantur.
1230 1355 1275 1385 Si-

701 1406 769 1435 mili
782 1404 876 1434 modo
895 1413 1015 1433 numen
1031 1402 1206 1431 declaratur
1217 1411 1273 1440 per

698 1450 921 1489 jusjurandum
932 1459 939 1480 ;
951 1448 1174 1487 Jurandasque
1187 1453 1272 1475 tumn

694 1508 758 1536 per
783 1507 899 1525 numen
927 1494 1077 1535 ponimus
1104 1502 1188 1522 aras.
1228 1509 1273 1514 —

701 1541 880 1571 Damnabis
884 1564 973 1570 .....
1003 1539 1098 1568 votis.
1128 1537 1272 1568 Placebat

700 1589 831 1617 Heinsio
840 1587 912 1616 voti
921 1597 931 1615 .·
946 1593 1119 1624 utrumque
1131 1591 1272 1613 recte.—

703 1634 720 1662 8
730 1644 756 1663 1.
776 1636 838 1662 Pro
853 1642 981 1662 numere
994 1631 1079 1661 Leid.
1091 1630 1143 1659 alt.
1156 1637 1187 1659 et
1196 1640 1272 1659 mox

700 1679 801 1720 digna
828 1689 888 1719 pro
912 1679 999 1708 dona
1028 1676 1167 1708 Parrhas.
1193 1682 1273 1704 vota

702 1736 785 1754 unus
798 1725 882 1755 Leid.

752 1772 806 1804 82.
826 1770 965 1800 Veniens
978 1778 1084 1800 auster
1096 1776 1141 1799 est
1158 1769 1274 1806 oriens,

704 1817 778 1846 flare
804 1818 969 1857 incipiens.
993 1816 1066 1846 Vid.
1096 1817 1203 1844 Burm.
1229 1832 1274 1837 -

706 1864 758 1892 83.
775 1864 913 1893 Certavit
923 1873 996 1891 cum
1010 1862 1144 1891 Theocr.
1155 1862 1180 1898 I,
1201 1871 1230 1898 7.
1242 1861 1273 1890 8.

704 1926 749 1931 —
764 1910 816 1939 85.
842 1907 1038 1938 Donavimus
1065 1906 1213 1948 quidam3
1245 1914 1275 1936 et

703 1965 779 1984 mox
793 1965 809 1983 e
825 1955 1016 1992 conjectura,
1032 1963 1103 1982 ecce
1115 1964 1174 1993 pro
1187 1960 1274 1982 ante.

701 2017 748 2023 ———
766 2001 818 2030 86.
832 2001 885 2038 87.
895 1998 1032 2029 Exordia
1046 2000 1220 2028 carminum
1237 1998 1275 2028 ad

701 2056 737 2075 ea
755 2045 939 2075 declaranda
953 2046 1072 2085 posita,
1098 2052 1134 2074 ut
1151 2055 1220 2085 sup.
1240 2056 1271 2074 v.

707 2102 758 2128 10,
780 2103 829 2122 11.
851 2094 899 2122 Ex
914 2102 973 2121 vss.
993 2091 1052 2128 86⁷
1071 2092 1110 2129 87
1132 2090 1217 2120 haud
1233 2098 1275 2120 te-

703 2149 787 2167 mere
805 2139 942 2178 suspicio
957 2144 1038 2174 nata,
1054 2137 1190 2167 voluisse
1209 2138 1276 2166 Ma-

704 2195 812 2214 ronem
827 2185 886 2215 sul>
902 2184 1053 2214 Menalcae
1071 2194 1204 2223 persona
1223 2194 1273 2224 ag-
