1408 2428
594 82 713 112 LLBER
738 84 761 111 I.

136 141 237 187 Quid
258 140 398 184 dicam,
410 139 512 188 jacto
528 138 594 187 qui
612 139 753 175 semine
770 139 976 176 comminus
998 153 1087 176 arva

84 201 315 250 Insequitur,
336 198 580 247 cumulosque
596 199 673 235 ruit
692 199 787 236 male
807 199 956 249 pinguis
977 213 1120 246 arenae3
1223 211 1268 234 105

53 279 66 284 ·
83 261 227 298 Deinde
247 261 333 297 satis
349 258 506 295 fluvium
525 258 670 296 inducit
690 260 868 308 rivosque
888 258 1100 309 sequentis?

85 323 147 365 Et,
163 334 280 370 quum
300 327 452 356 exustus
469 331 558 368 ager
574 319 823 357 morientibus
842 329 973 357 aestuat
994 319 1141 364 herbis,

86 384 181 417 Ecce
197 379 396 430 supercilio
413 379 543 416 clivosi
560 380 718 417 tramitis
735 380 873 417 undam

87 441 195 477 Elicit
212 455 220 475 :
238 441 299 476 illa
319 439 454 476 cadens
473 453 629 476 raucmn
644 454 713 490 per
729 441 827 477 levia
841 453 1013 477 murmur

87 504 184 538 Saxa
200 501 291 546 ciet,
305 500 562 548 scatebrisque
579 501 723 538 arentia
739 510 921 550 temperat
939 514 1039 536 arva.
1230 518 1274 532 110

87 561 206 607 Quid,
231 561 317 610 qui,
338 574 384 596 ne
404 560 568 609 gravidis
584 560 807 609 procumbat
829 561 972 597 culmus
989 561 1129 605 aristis,

86 693 181 715 tatem
191 695 339 714 arvorum
353 686 476 726 Mysiae.
488 699 503 710 υ
516 685 656 714 Multum

88 731 206 761 recedit
229 732 318 760 tertia
339 733 436 767 ratio,
452 738 488 760 ut
509 732 563 766 sit,
588 732 658 769 My-

89 777 137 806 sia
165 777 254 806 nullo
276 778 376 813 cultu,
399 787 470 817 quae
491 787 556 806 non
581 777 657 806 coli-

90 831 160 859 tur3
185 823 252 852 haec
278 823 407 864 frigent,
433 832 533 862 quum
560 823 658 851 otiose

90 871 151 898 sint
164 869 291 907 adjecta.

143 922 215 951 104.
240 917 333 944 Jacco
360 924 429 943 cum
448 914 564 943 Moret.
594 924 655 943 sec.

90 979 136 983 ——
168 961 241 990 105.
268 960 477 1000 Tumulosque
500 958 617 989 Medic.
643 970 659 989 a

92 1018 174 1037 man.
204 1017 264 1036 sec.
294 1005 434 1036 Parrhas.
463 1022 507 1028 ——
531 1005 661 1036 Prodest

92 1064 239 1093 qnoque,
262 1060 400 1082 semente
428 1051 525 1089 facta,
557 1051 661 1093 glebas

91 1101 197 1129 rastris
226 1100 455 1135 comminuere,
485 1105 523 1127 ut
555 1109 660 1128 semen

92 1145 261 1182 obruatur,
283 1153 314 1175 et
329 1155 408 1185 aqua
433 1154 543 1186 agrum
559 1144 660 1174 obdu-

92 1201 172 1220 cere.
199 1191 286 1230 Quid
307 1191 414 1221 dicam
441 1191 480 1220 de
508 1201 565 1228 eo,
587 1191 660 1231 qui;

90 1237 122 1266 h.
142 1237 290 1278 praeclare
310 1237 396 1267 haud
418 1237 514 1267 dubie
529 1244 561 1266 et
577 1239 604 1267 is
618 1238 660 1266 fa-

91 1284 151 1320 cit,
168 1291 240 1319 etc.‚
256 1285 328 1324 qui,
346 1286 494 1314 transitus
508 1283 659 1319 formula,

90 1330 183 1359 etiam
209 1331 244 1359 in
274 1330 412 1371 pedestri
440 1331 591 1360 oratione.
622 1331 660 1359 In

91 1375 149 1405 hac
177 1383 279 1406 autem
309 1376 457 1406 varianda
482 1378 573 1406 Maro
592 1375 659 1405 feli-

91 1422 243 1451 eissimus.
265 1422 356 1451 Alius
370 1422 438 1452 haec
456 1423 561 1451 omnia
579 1432 659 1461 pras-

91 1467 238 1507 cipiendo
263 1468 427 1497 extulisset
449 1477 458 1498 2
482 1467 659 1497 faciendum

90 1521 135 1543 est
164 1514 225 1543 hoc
249 1521 280 1543 et
300 1514 397 1551 illud,
425 1521 456 1544 et
475 1515 519 1543 sic
553 1524 659 1553 porro.

92 1577 137 1582 —-
158 1563 245 1589 Arva
262 1560 457 1600 insequitur,
481 1560 586 1590 sulcos
601 1560 662 1589 fac-

92 1614 140 1635 tos
166 1607 200 1635 in
223 1616 298 1635 arvo
323 1607 544 1646 prosequitur,
565 1606 661 1635 alium

91 1659 163 1692 post
187 1652 284 1681 alium
302 1654 408 1681 rastris
430 1651 619 1693 frangendo,
633 1659 664 1682 et

92 1699 237 1728 cumulos
255 1709 311 1728 seu
332 1699 468 1728 nimium
491 1709 546 1728 seu
565 1700 664 1728 inuti-

92 1745 163 1774 liter
186 1745 330 1785 pinguis‚
349 1744 382 1774 h.
402 1744 475 1774 duri
498 1745 576 1782 soli,
600 1745 663 1786 gle-

92 1790 148 1820 bas
162 1792 334 1821 tenaciores
350 1791 519 1821 contundit
534 1798 565 1820 et
580 1802 666 1820 ever-

93 1837 147 1873 tit,
163 1843 195 1866 et
206 1838 295 1867 omni
307 1845 396 1877 parte
412 1845 524 1878 aequat.
540 1838 590 1868 Fit
601 1837 664 1867 hoc

93 1882 167 1911 alias
193 1884 368 1914 sarritione.
402 1885 450 1914 De
481 1894 544 1924 qua
570 1895 601 1914 v.
636 1894 663 1914 c.

94 1928 220 1959 Colum.
234 1930 283 1964 Π,
306 1939 356 1959 12.
376 1930 509 1969 Insequi
524 1929 608 1959 idem
621 1936 665 1959 at-

94 1985 156 2014 que
169 1984 298 2015 urgere,
310 1976 425 2005 instare
440 1982 472 2004 et
487 1977 554 2004 sine
568 1977 664 2005 inter-

94 2021 241 2050 missione
252 2027 307 2049 aut
316 2031 402 2050 mora
415 2032 481 2051 rem
496 2022 600 2050 statim
615 2031 665 2071 ag-

714 685 798 723 469:
823 682 835 713 ὁ
853 680 888 713 δὲ
901 681 1005 717 τιτθὸς
1025 681 1144 712 ὄπισθεν
1160 682 1277 724 Δμωὸς,

713 730 791 769 ἔχων
806 729 942 771 μακέλην
954 751 962 766 ,
973 727 1064 758 πόνον
1079 727 1222 771 ὀρνίθεσσι
1236 740 1280 759 τι-

711 774 785 813 θείη,
794 774 965 817 Σπέρματα
975 774 1194 817 κακκρύπτων.
1203 778 1282 805 Are-

713 833 757 850 ηα
774 832 833 862 pro
857 821 943 858 solo,
970 828 1050 850 terra
1075 823 1226 851 omuino:
1248 829 1284 850 ut

712 869 776 903 IV,
805 877 866 906 291
895 874 927 896 ec
948 866 1087 901 viridem
1109 869 1282 908 AEgjptum

712 913 806 954 nigra
819 912 983 955 secundat
1002 923 1104 943 arena
1122 914 1223 944 Nilus.
1239 932 1285 936 ——

713 961 862 990 Ceterum
874 970 905 989 v,
925 960 987 989 106
1001 970 1068 999 sqq.
1080 966 1187 989 noster
1196 960 1284 989 Iliad,

713 1016 752 1048 φ,
787 1006 849 1043 257
886 1016 953 1046 sqq.
988 1007 1148 1047 egregium
1178 1006 1284 1036 locum

714 1059 785 1082 ante
801 1052 912 1081 oculos
927 1052 1073 1081 habuisse
1090 1052 1227 1082 videtur.
1242 1070 1287 1075 —

720 1100 793 1129 106.
805 1098 1119 1140 Rivosquefluentes,
1137 1101 1230 1129 Rom.
1243 1117 1287 1121 υ

714 1145 854 1175 Fluvium
880 1144 1046 1184 rivosque:
1071 1146 1160 1185 aquis
1184 1145 1287 1174 obdu-

715 1199 763 1221 cat
779 1201 888 1232 agrum
898 1215 906 1227 ‚
929 1191 967 1220 ad
982 1190 1196 1231 supplendum
1214 1192 1285 1231 plu-

713 1239 773 1268 viae
796 1238 969 1273 defectum,
992 1247 1062 1276 quae
1083 1244 1156 1277 post
1175 1239 1286 1267 aratio·

715 1295 787 1313 nem
810 1285 844 1313 in
867 1285 949 1313 votis
972 1282 1108 1312 habetur
1130 1293 1137 1313 :
1158 1291 1195 1312 ut
1218 1285 1286 1314 Nu-

714 1330 769 1359 bes
784 1341 832 1370 ap.
856 1328 1018 1369 Aristoph.
1047 1339 1059 1357 1
1070 1339 1082 1357 1
1094 1329 1132 1357 16
1154 1331 1288 1369 promit-

714 1383 787 1405 tunt
815 1374 1064 1405 Atheniensibus
1094 1384 1102 1404 2
1131 1373 1165 1407 ἢν
1204 1377 1286 1405 νεοῦν

714 1420 853 1460 [aasz-150²
865 1420 893 1451 ἐν
909 1419 974 1463 ὥρᾳ
990 1418 1057 1455 τοὺς
1068 1418 1199 1464 ἀγροὺς,
1216 1413 1286 1451 iao-

714 1478 768 1509 μεν
778 1470 911 1510 πρῶτον.
922 1485 967 1489 —-
981 1477 1055 1504 107.
1069 1467 1192 1496 Herbas
1202 1467 1286 1497 Gud.

714 1516 901 1544 —Eoetuac
918 1512 1015 1543 Goth.
1041 1524 1090 1553 pr.
1117 1531 1163 1536 —
1188 1516 1288 1543 Totus

715 1561 835 1590 scilicet
849 1570 958 1589 versus
973 1559 1141 1589 translatus
1160 1559 1199 1589 ab
1222 1562 1287 1589 anj-

713 1608 871 1638 mannum
888 1616 981 1636 sensu
997 1615 1005 1635 z
1021 1606 1110 1645 isque
1129 1607 1288 1636 ornatissi-

717 1664 788 1682 mus
804 1663 878 1682 cum
890 1663 936 1692 sq.
947 1670 994 1675 ——
1007 1652 1081 1681 108.
1099 1652 1216 1682 Clivosi
1223 1660 1286 1682 tra-

718 1699 802 1729 mitis
813 1709 873 1740 pro
887 1700 1002 1728 montis
1016 1698 1154 1728 molliter
1167 1699 1288 1728 clivosi.

717 1747 751 1775 in
780 1756 846 1786 quo
877 1745 989 1774 rivulis
1019 1746 1176 1774 tramitem
1205 1744 1287 1773 facit.

719 1790 943 1832 Supereilium,
963 1798 1001 1820 ut
1019 1788 1132 1832 deppbg,
1152 1801 1212 1831 pro
1239 1801 1290 1819 su·-

717 1840 841 1879 periore
862 1838 978 1867 montis
996 1844 1107 1877 parte:
1133 1844 1208 1866 nota
1231 1846 1289 1865 res.

718 1886 768 1915 Sic
793 1885 858 1922 jam
882 1883 971 1913 Iliad.
990 1893 1024 1919 υ,
1050 1884 1123 1912 151.
1143 1899 1189 1904 -
1214 1892 1290 1921 109.

719 1930 784 1959 Illa
799 1923 924 1960 scatens
939 1928 1003 1958 Erf.
1021 1938 1039 1957 a
1054 1938 1104 1968 pr.
1122 1938 1206 1958 man.
1222 1938 1293 1956 rau-

719 1986 852 2015 cumque
874 1974 992 2005 Medic.
1012 1990 1057 1996 -
1084 1984 1158 2004 110.
1185 1975 1292 2003 Scate-

719 2021 781 2050 bris
793 2021 927 2061 simplic.
940 2031 1000 2061 pro
1014 2030 1093 2060 aqua
1103 2043 1112 2057 ‚
1126 2026 1164 2050 ut
1177 2031 1208 2050 v.
1227 2020 1291 2049 106

94 2066 182 2107 gredi
209 2073 264 2095 aut
296 2068 456 2106 prosequi.
492 2068 541 2097 Sic
557 2066 670 2108 fossor
709 2067 831 2110 fluvius
851 2073 883 2096 et
899 2066 967 2096 rivi.

95 2112 283 2153 insequitur,
293 2113 506 2153 pampinator
529 2112 667 2153 insequi-

96 2166 146 2188 tur
157 2169 206 2200 ap.
227 2159 351 2189 Colum.
372 2166 403 2188 et
417 2159 474 2189 inf.
494 2160 555 2188 155
571 2159 667 2188 insec-

95 2205 160 2234 tari
176 2213 293 2234 terram
308 2204 427 2235 rastris.
446 2205 574 2235 Hesiod.
590 2198 665 2249 ¹53?ss

252 2271 281 2304 Ι.

770 2123 784 2142 1
795 2123 808 2142 1
818 2123 900 2142 1-1
911 2123 923 2142 1
932 2124 962 2150 7.
984 2111 1137 2142 Gravidus
1157 2111 1291 2143 Mediol.

721 2158 770 2189 ed.
787 2158 990 2200 Depascenda
999 2169 1128 2199 quoqne
1137 2165 1183 2188 est
1198 2169 1213 2188 a
1230 2169 1296 2200 gre-

720 2216 757 2246 ge
775 2205 935 2245 pecudum
953 2205 1050 2235 herba
1075 2207 1186 2246 segetis
1200 2206 1296 2235 nimis

1054 2284 1067 2304 1
1079 2276 1097 2311 s}
