1408 2428
558 54 726 83 ECLOGA
751 55 775 83 Ι.
1222 67 1255 85 11

71 116 131 153 Bis
148 126 255 151 senos
269 112 329 149 cui
344 119 471 147 nostra
487 109 564 146 dies
581 110 710 146 altaria
730 110 883 146 fumant.

69 176 143 213 Hic
159 175 250 211 mihi
268 183 485 222 responsum
503 170 645 220 primus
662 170 764 207 dedit
780 171 839 206 ille
856 171 996 219 petenti
1013 185 1021 206 ε
1233 181 1265 209 4⁵

72 236 232 281 Pascite,
249 244 289 271 ut
305 242 407 279 ante,
424 232 540 268 boves
551 259 560 277 ‚
578 231 704 280 pueri3
721 230 928 268 submittite
945 241 1083 270 tauros.

558 305 776 328 MELIBOEUS.

74 356 279 390 Fortunate
296 364 427 396 senex,
444 363 533 400 ergo
551 359 615 386 tua
632 363 720 387 rura
736 351 956 388 manebunt!

74 478 175 497 ‚sarem
191 468 399 497 Octavianum
413 467 521 497 habito
531 491 539 504 ‚
556 468 649 498 dubi-

76 516 137 544 tari
162 515 217 543 vix
238 521 349 554 potest.
368 515 433 544 Nec
458 521 560 543 tamen
577 522 651 544 sunt

76 561 213 590 nimiunn
231 560 386 602 urgenda:
403 561 520 600 alioqui
542 561 649 590 (licen—

75 606 153 635 dum
169 614 257 643 esset‚
265 607 472 637 Octavianum
485 608 650 647 possessio—

75 663 131 682 nes
150 653 183 681 in
205 663 278 692 agro
301 655 476 683 Mantuano
495 653 651 689 habuisse,

76 699 112 727 in
122 709 187 737 quo
201 700 332 739 Tityrus
347 705 435 728 esset.
453 699 490 728 Ei
504 710 534 728 se
549 710 651 728 mens-

77 745 157 773 truis
172 746 266 773 sacris
288 745 376 773 litare
400 745 479 774 velle
500 746 552 775 ait.
570 746 609 774 cf.
623 756 651 774 v.

79 801 110 827 7,
130 790 158 819 8.
172 790 310 830 sicmanc
328 802 387 830 pro
411 790 589 820 fumabunt,

126 837 179 871 45.
201 837 269 864 Hoc
294 836 433 875 reposuit
449 835 592 872 Wakefi,
622 842 653 864 et

77 883 121 911 sic
147 881 314 921 legendum
344 882 539 920 pronuntiat.
573 883 653 911 Mox

73 927 212 967 primum
223 937 282 967 pro
288 927 420 967 primus,
434 927 576 969 Lougob.
590 928 653 957 Pie-

78 974 175 1003 rii.—-
185 974 257 1010 Hic,
272 984 345 1003 cum
362 976 472 1004 Romae
482 985 578 1004 esseni
588 997 595 1010 ‚
610 975 653 1013 ip-

76 1029 212 1055 sumque
221 1020 334 1049 herum
345 1020 487 1049 adiissem
496 1043 504 1056 ‚
514 1021 653 1060 primum

79 1063 139 1092 tuli
156 1070 343 1101 responsum
360 1066 436 1092 ulna!
448 1090 455 1097 ‚
476 1067 507 1096 h,
526 1065 655 1095 facultas

80 1108 172 1138 nobis
209 1107 279 1137 data
304 1113 349 1135 est
367 1129 375 1144 ,
402 1113 438 1135 ut
460 1117 519 1135 uos
548 1112 656 1147 pueri,

81 1164 204 1190 vernae,
218 1154 316 1190 servi,
330 1153 429 1182 libere
442 1163 656 1193 pasceremus,

83 1207 115 1229 et
142 1207 248 1230 tauros
273 1199 541 1230 submitteremus.
562 1201 658 1231 Color

84 1246 194 1275 similis
219 1247 364 1275 carminis
390 1245 532 1287 Agathiae
551 1257 558 1276 :
577 1249 658 1277 Ana-

84 1291 156 1321 lect.
177 1291 316 1322 Brunck.
340 1294 397 1323 To.
425 1294 489 1329 ΙΙΙ,
511 1304 579 1334 pag.
603 1294 656 1329 46.

86 1339 255 1368 XXXVII.
282 1340 476 1378 Responsum
492 1350 557 1368 non
573 1350 658 1368 nunc

87 1393 125 1412 eo
141 1394 234 1413 sensu
244 1407 251 1421 ‚
262 1395 327 1424 quo
343 1386 469 1415 oracula
484 1385 559 1414 hinc
576 1386 660 1422 jussa

88 1428 240 1458 dicuntur
265 1439 272 1459 ε
297 1440 356 1459 nec
380 1438 442 1460 tam
475 1430 658 1471 magnifice,

88 1485 183 1514 quam
200 1475 283 1516 apud
303 1478 412 1507 Horat.
425 1478 459 1507 C.
471 1480 500 1507 S.
521 1478 574 1513 55,
586 1479 660 1506 Jam

89 1521 214 1560 Scythoe
244 1533 395 1562 responsa
420 1531 538 1562 petunt
565 1534 576 1552 .·
607 1523 661 1552 sed

86 1568 190 1608 simpl.
209 1569 371 1608 respondit
386 1571 521 1608 petenti,
538 1572 660 1600 anuuit.

87 1615 194 1649 -46.
205 1615 331 1655 Greges,
349 1616 473 1656 Menag.
487 1626 547 1656 pro
561 1615 659 1646 boves.

88 1659 264 1689 Submittite
291 1668 407 1691 tauros.
437 1663 531 1691 Varie
562 1662 658 1691 inter-

87 1713 190 1746 pretes
206 1714 399 1747 exponunt.
429 1709 555 1738 Servius
586 1719 659 1737 cum

88 1752 178 1783 aliis:
200 1753 278 1793 jugo
299 1753 484 1783 submittere
508 1753 546 1782 ad
570 1765 657 1783 aran-

87 1797 165 1828 dum
185 1808 193 1829 :
213 1805 307 1835 recte,
315 1798 410 1828 modo
426 1800 522 1840 jugo,
539 1808 657 1837 aratro,

87 1851 142 1873 aut
156 1845 257 1874 simile
269 1845 347 1885 quid
364 1845 548 1883 adjunctum
561 1854 639 1875 esset
650 1857 658 1883 3

88 1890 146 1918 etsi
170 1891 220 1919 vel
241 1891 285 1920 sic
306 1901 322 1920 a
343 1898 504 1931 pastorum
527 1903 659 1932 persona

89 1935 228 1965 alienum
236 1936 423 1967 foret.Subm
428 1937 516 1967 ittere
527 1945 572 1967 est
580 1939 660 1968 alere

94 1981 133 2010 ad
140 1992 263 2022 gregem
270 1983 482 2022 supplendum
492 1995 500 2021 ;
511 1995 582 2013 nam
590 1984 661 2013 sub-

85 2028 268 2068 junguntur
291 2028 420 2068 reliquis
444 2037 475 2058 et
500 2040 662 2071 aggregan-

88 2079 142 2102 tur
156 2075 178 2103 ii
196 2075 288 2111 tauri,
305 2074 422 2114 quibus
437 2085 514 2115 grex
531 2076 657 2115 supple-

89 2124 151 2149 tur.
167 2120 224 2150 Ge.
234 2121 291 2157 ΙΙΙ,
308 2131 322 2157 7
332 2121 348 2150 3
365 2131 441 2160 quos
456 2121 488 2150 in
499 2132 585 2161 spem
593 2129 656 2150 sca-

34 2191 42 2201 ,
88 2171 154 2194 tues
168 2166 345 2196 submittere
357 2166 472 2208 gentis.
490 2167 527 2197 cf.
550 2168 657 2207 159.v.

703 469 810 497 Burm.
827 467 860 497 h.
877 468 898 497 l.
916 468 1011 497 Gesn.
1030 468 1064 496 in
1087 467 1178 497 Thes.
1197 468 1271 496 Sub-

704 513 826 542 mittere
839 515 923 542 enim
939 524 1002 543 esse
1018 515 1140 542 mittere
1154 514 1188 542 in
1198 514 1273 543 ulte-

704 561 770 588 rius
793 560 900 589 locum
912 583 920 597 ‚
941 560 1086 600 supplere
1098 582 1106 595 ‚
1123 559 1272 589 dubitan-

704 606 781 635 dum
806 606 896 646 plane
918 616 984 635 non
1005 613 1060 635 est.
1084 607 1136 635 An
1154 605 1276 635 dictum

705 663 769 681 esse
789 653 887 692 possit
900 663 959 692 pro
973 660 1078 681 tauros
1096 652 1275 689 admittere,

705 698 850 728 dubitare
868 699 951 728 licet.
970 699 1098 728 Femina
1113 698 1275 726 submitti-

706 752 758 773 tur
769 767 777 780 ,
791 755 857 773 non
873 751 981 773 taurus
998 744 1052 772 box
1063 745 1072 771 i
1083 767 1090 779 ‚
1106 751 1140 772 ut
1153 743 1277 772 submit-

706 797 770 818 tere
785 800 882 829 equas
898 789 1011 818 Pallad.
1037 791 1130 818 Mart.
1151 800 1161 818 1
1172 791 1201 823 3,
1219 790 1275 826 65;

704 835 923 864 submitteudce
938 835 1036 863 tauris
1049 846 1177 870 vacere,
1193 834 1276 863 idem

706 881 772 910 Jul.
803 887 841 917 4,
866 892 900 917 1;
920 881 952 909 in
970 880 1114 921 feturam
1140 880 1280 909 submitti

701 934 835 966 possunt
846 938 958 956 ‘vacca’
981 927 1056 956 ibid.
1074 928 1278 957 Nemesianus

707 980 812 1002 tamen
836 973 915 1001 dixit
944 975 1062 1013 Cyneg.
1092 979 1148 1007 [ΙΙ.
1171 983 1177 1002 :
1198 972 1279 1001 Huic

707 1018 799 1059 (cani
818 1019 940 1049 feminae
955 1020 965 1058 )
983 1019 1118 1059 parilem
1136 1018 1280 1047 submitte

710 1075 849 1101 marem3
870 1065 955 1094 aliud
973 1072 1077 1095 autem
1098 1065 1279 1105 exemplum

709 1110 853 1140 nondum
871 1111 945 1141 vidi.
962 1112 1029 1141 Nisi
1042 1118 1072 1140 et
1087 1112 1133 1140 ibi
1149 1118 1193 1140 est
1208 1110 1280 1139 sub-

710 1158 879 1185 mitterent
895 1157 1087 1186 admittatur.
1104 1169 1134 1186 v.
1149 1157 1226 1186 Vlit.
1243 1156 1281 1185 ad

711 1214 737 1232 e.
754 1202 775 1231 l.
790 1202 977 1232 Theocritus
994 1205 1050 1239 lx,
1067 1205 1081 1232 3
1099 1203 1206 1232 eadem
1222 1203 1282 1231 for-

712 1259 760 1278 ma
768 1249 815 1277 uti
824 1249 967 1279 videtur:
982 1247 1114 1289 Μόσχως
1125 1246 1216 1287 βωσὶν
1230 1247 1283 1288 ὑφ-

714 1294 802 1330 έντες,
821 1292 1013 1337 {wig-efflei
1031 1291 1065 1324 δὲ
1081 1294 1289 1336 ταύρωῃεῑςή,

713 1348 743 1369 et
767 1341 818 1369 hic
840 1341 936 1369 dubia
957 1340 1051 1369 lectio
1070 1348 1115 1370 est
1129 1363 1137 1377 ‚
1154 1352 1227 1370 cum
1246 1340 1283 1369 in

713 1386 791 1422 aliis,
805 1385 863 1416 ὑπὸ
878 1398 908 1422 ς.
927 1387 965 1415 sit
976 1398 984 1422 ;
995 1394 1026 1415 et
1038 1387 1093 1415 vix
1103 1385 1222 1427 ὑφιέναι
1235 1396 1284 1416 eo-

713 1434 784 1463 dem
812 1444 905 1463 versu
935 1433 1055 1473 duplici
1085 1443 1178 1462 sensu
1203 1432 1285 1462 dixit

713 1487 815 1521 poeta,
833 1487 869 1508 ut
894 1486 923 1508 et
939 1480 979 1508 sit
999 1478 1118 1508 viculos
1143 1478 1284 1508 uberibus

715 1534 848 1556 macrum
867 1525 1033 1554 admovere
1056 1524 1067 1565 (
1083 1531 1118 1554 ut
1136 1525 1233 1565 vulgo
1249 1535 1283 1554 ea

714 1584 778 1603 vox
798 1571 980 1608 adhibetur,
997 1582 1026 1601 v.
1047 1581 1073 1601 e.
1091 1572 1147 1606 IV,
1172 1577 1190 1606 4
1215 1569 1284 1600 ἀλλ’

714 1617 727 1648 ὁ
753 1618 852 1662 γέρων
882 1615 985 1657 ὑφίητι
1010 1614 1050 1646 τὰ
1077 1614 1193 1658 μοσχία
1206 1616 1228 1657 ),
1253 1624 1285 1646 et

714 1665 882 1694 admittere
899 1663 1009 1693 ‘vaccis
1028 1671 1162 1692 ηιιινιιιη.
1179 1663 1283 1692 Debe-

713 1712 766 1741 hat
790 1711 828 1740 ad
844 1722 870 1741 e.
892 1711 914 1740 l.
931 1709 1033 1739 audiri
1055 1709 1220 1751 Reiskiu53
1234 1709 1283 1739 ni·

711 1759 812 1787 mium
827 1756 988 1786 interdum
1005 1756 1176 1796 neglectus.

761 1810 814 1841 47.
840 1804 927 1843 Ergo
943 1810 997 1831 tua
1019 1812 1091 1830 rura
1113 1800 1288 1830 manebunt

713 1850 788 1886 tibi,
805 1860 871 1878 non
893 1848 1086 1887 eripientur,
1102 1853 1132 1875 et
1153 1856 1187 1874 ea
1213 1846 1283 1885 qui-

713 1896 785 1925 dem
808 1895 884 1924 satis
909 1903 1048 1934 magna,
1072 1892 1109 1920 ad
1130 1892 1285 1931 pascenda

713 1947 861 1971 armenta.
891 1942 971 1979 Quae
999 1944 1176 1977 sequuntur
1200 1939 1286 1967 varie

713 1986 897 2026 interpungi
905 1991 936 2013 et
948 1985 1065 2024 exponi
1074 1985 1286 2024 possunt.Aut

715 2040 751 2062 ut
766 2042 848 2061 nova
869 2032 1020 2062 sententia
1038 2029 1093 2059 fiat
1109 2039 1116 2060 :
1136 2029 1286 2069 Quamvis

713 2096 760 2101 ·-—
776 2077 910 2107 obducat
925 2087 1046 2117 pascua
1059 2076 1160 2117 junco
1178 2086 1188 2104 .·
1209 2076 1284 2104 Non

712 2123 860 2166 (tamen)
881 2123 1002 2152 insueta
1021 2134 1054 2163 g.
1081 2129 1134 2151 aut
1155 2129 1191 2150 ut
1211 2131 1283 2150 cum

712 2169 909 2201 antecedenti
919 2170 1031 2210 jungas
1046 2178 1053 2199 z
1069 2176 1099 2199 ec
1121 2167 1178 2197 tibi
1194 2177 1284 2207 ma„-
