1377 2428
550 93 670 122 LIBER
694 92 752 121 III.

1184 94 1250 123 365

60 156 201 190 Verum
220 151 332 188 etiam
349 150 488 187 invisos
505 150 536 186 si
559 150 641 199 quis
661 157 822 186 tentarat
842 149 1016 195 amictus,

61 213 246 250 Ardentes
270 212 436 261 papulae,
455 219 566 260 atque
588 209 801 246 immundus
819 209 956 246 olentia
975 210 1091 246 sudor

61 272 234 309 Membra
252 271 496 320 sequebatur3
511 283 580 306 nec
594 270 707 319 longo
724 269 858 306 deindo
876 270 1039 306 moranti
1199 279 1246 302 565

61 335 246 382 Tempore
264 340 452 368 contactos
469 338 572 367 artus
587 343 693 367 sacer
710 329 805 379 ignis
822 328 971 365 edebat.

62 457 195 493 Vossi0;
226 467 312 485 casus
332 462 444 485 ·tamen
476 466 514 485 an
541 455 626 494 judi-

63 505 147 532 cium
159 503 327 532 lectionem
341 501 528 541 produxerit
537 524 545 539 ,
560 512 627 532 nou

62 549 172 578 dixero
183 559 193 586 3
218 549 384 578 auctoritas
403 548 512 587 utique
532 548 625 578 codd.

62 595 158 624 deest.
184 611 230 617 —-
253 595 328 629 564.
365 594 467 622 Sudor
486 594 627 623 membra

61 640 266 680 sequebatur,
284 650 339 680 per
354 650 460 668 omnes
477 647 579 679 partes
596 651 627 669 se

62 686 263 723 diffundens,
292 692 327 714 ut
354 688 424 715 AEn.
463 687 528 721 IX,
558 686 623 716 812

61 739 126 761 tum
141 740 205 761 toto
225 742 352 771 corpore
365 731 460 759 sudor
472 730 624 770 Liquicur.

60 779 150 808 -56
156 779 185 808 5.
196 777 339 807 Moranti
346 777 427 807 dixit
436 784 544 806 ornate
556 788 625 817 pro,

61 827 108 861 ei,
134 824 166 854 h.
192 825 259 862 ejus
283 830 368 852 artus
402 834 457 852 seu
481 833 623 863 corpus,

60 871 180 901 scilicet
194 881 261 900 non
282 880 337 909 per
357 870 487 909 longum
503 876 624 909 tempus

61 918 91 947 ei
112 927 214 946 moras
240 916 359 945 trahere
386 915 520 951 licebat,
552 925 625 944 cum

60 974 149 994 sacro
165 963 232 1002 igni
245 963 358 991 tentari
371 963 475 1001 coepit.
489 977 535 983 —·
548 962 623 991 566.

64 1010 249 1040 contractos
280 1008 422 1049 vulgares
462 1007 625 1037 nonnullae

60 1056 150 1092 edd.‚
179 1056 271 1084 etiam
286 1054 377 1085 codd.
397 1060 558 1083 contactos
573 1064 624 1082 sa-

61 1113 113 1132 cer
135 1109 221 1132 arcus
241 1103 419 1137 Romanus;
434 1111 504 1129 cum
526 1107 625 1129 tactos

63 1148 160 1179 Goth.
181 1158 229 1188 pr.

106 1197 223 1225 Totum
245 1194 353 1223 locum
368 1193 603 1233 explanavimus
615 1215 622 1229 ‚

61 1241 147 1282 quod
197 1240 424 1280 Interpretibns
471 1238 625 1268 molestias

61 1297 134 1316 eum
151 1286 337 1315 facessivisse
353 1284 545 1315 videbamus.
563 1284 625 1313 Ad-

58 1334 226 1373 jungamus
250 1332 352 1361 adhuc
373 1331 535 1361 nonnulla.
555 1330 624 1360 Vis-

61 1389 135 1408 cera
150 1378 275 1408 abolere
289 1377 382 1407 undis
401 1379 476 1416 559,
489 1377 553 1406 560
564 1400 572 1414 ‚
584 1378 625 1406 fe-

61 1436 94 1454 re
107 1427 149 1454 ita
161 1425 331 1465 accipiunt,
342 1431 379 1454 ut
392 1426 442 1460 sit,
453 1424 569 1453 malum
585 1434 624 1453 ex

61 1471 233 1501 visceribus
251 1472 315 1499 sive
333 1470 466 1499 lavando
486 1471 551 1499 sive
571 1480 623 1499 co-

62 1517 188 1558 quendo
203 1516 327 1546 abolere
338 1539 345 1553 ,
374 1516 405 1546 h.
424 1517 489 1545 sive
505 1515 622 1545 morbi-

62 1564 135 1593 dam
159 1570 322 1599 naturam,
353 1563 418 1592 sive
439 1573 498 1602 pus
525 1568 556 1591 et
576 1572 622 1591 sa-

61 1610 145 1639 niem
156 1632 164 1647 ‚
186 1610 250 1639 sive
261 1631 269 1646 ,
289 1615 325 1638 ut
339 1610 463 1639 Servius
476 1608 622 1646 subjicit,

63 1666 223 1687 mucorem
255 1654 412 1696 quendam
441 1655 526 1685 carni
555 1665 624 1685 cor-

679 452 1018 498 ruptaesinhaerentem.
1042 455 1086 485 At
1111 455 1172 485 hoc
1188 466 1247 485 nec

679 502 812 531 verbum
833 512 892 530 nec
917 502 961 530 rei
986 508 1097 530 natura
1126 509 1180 531 aut
1197 513 1248 531 ve-

681 548 826 577 terinaria
853 548 933 576 ratio
972 547 1118 578 admittit.
1160 548 1248 577 Alte-

680 605 750 623 rum
761 617 769 631 ‚
784 632 788 636 .
789 594 929 635 flamma
949 593 1080 623 vincere
1100 593 1226 623 viscera
1236 617 1245 631 ‚

680 646 733 669 aut
747 639 896 670 torrendo
909 662 916 676 ‚
933 638 1002 669 fleri
1020 646 1145 680 putant.
1167 642 1247 670 Sane

679 687 804 716 Servius
829 686 866 715 ad
888 697 918 715 v.
940 692 1004 725 490
1021 697 1038 715 e
1053 686 1154 715 Plinio
1178 685 1245 715 lau—

679 732 731 761 dat
742 741 749 761 :
762 732 905 761 morbosa
920 743 994 761 caro
1009 743 1073 761 non
1084 730 1227 772 coquitur
1231 744 1245 768 ,-

680 785 710 807 et
724 779 836 808 similia
855 785 983 807 narrant
1001 779 1072 814 alii3
1095 779 1245 818 supersti-

680 825 757 853 tiose
770 826 876 864 potius
886 847 894 861 ,
919 831 998 864 puto
1008 847 1017 859 ,
1045 834 1138 863 quam
1153 835 1225 854 vere
1237 836 1245 860 ξ,

677 876 708 898 et
731 877 863 909 possunt
889 871 999 909 utique
1022 870 1117 899 verba
1141 881 1197 910 per
1214 881 1247 899 se

676 915 738 944 hoc
752 914 928 956 significatu
943 916 1063 955 accipi;
1080 926 1145 945 nou
1158 927 1246 952 vero,

677 969 713 990 nt
728 961 882 998 vidimus,
902 961 963 990 hoc
981 968 1143 992 contextu.
1161 962 1247 1002 Quid

678 1007 805 1037 tandem
814 1015 934 1036 naturae
947 1009 993 1036 rei
1006 1009 1102 1048 magis
1118 1018 1248 1039 consen-

678 1060 805 1083 taneum
816 1076 824 1091 ‚
842 1064 937 1093 quam
955 1061 992 1083 ut
1009 1054 1159 1083 cadavera
1178 1055 1245 1094 igni

677 1107 868 1136 cremarent,
898 1107 953 1129 aut
971 1101 1005 1129 in
1023 1099 1154 1129 flumina
1169 1111 1244 1140 pro-

675 1147 816 1184 jicerent,
827 1157 891 1186 quo
904 1153 1040 1186 utroque
1056 1146 1152 1176 modo
1168 1157 1244 1176 con-

677 1200 866 1229 sumuntur3
896 1192 984 1231 quod
1007 1193 1105 1222 facere
1131 1192 1246 1221 deinde

678 1245 761 1268 tanta
785 1239 974 1268 cadaverum
997 1245 1112 1279 strages
1136 1237 1246 1279 prohi-

677 1284 782 1315 bebat.
814 1285 930 1314 Melius
959 1284 1038 1314 tradi
1068 1284 1243 1321 nonnulla,

677 1331 735 1360 alia
754 1341 917 1371 perperam
945 1332 1081 1371 exponi,
1108 1330 1246 1360 vidimus

678 1387 694 1406 a
724 1377 851 1407 Pauleto
878 1377 890 1417 (
904 1376 1096 1407 Becherches
1121 1388 1175 1406 sur
1199 1376 1245 1406 les

679 1423 836 1452 maladies
864 1423 1077 1463 e'pz'zootiques
1101 1429 1123 1452 t.
1149 1425 1174 1453 I.
1201 1428 1244 1458 44

676 1480 743 1509 sqq.
756 1468 767 1509 )
784 1470 839 1508 qui
855 1469 894 1498 ad
908 1470 1013 1510 ignem
1028 1479 1152 1498 sacrum
1163 1492 1171 1506 ‚
1186 1479 1243 1498 seu

676 1515 844 1555 erysipelas
865 1526 980 1555 vagum
1003 1515 1114 1545 ardens
1129 1522 1160 1544 et
1176 1525 1243 1544 ma—

675 1561 798 1601 lignum
810 1583 818 1597 ‚
835 1561 923 1601 quod
937 1563 1040 1591 statim
1057 1562 1092 1591 in
1107 1570 1244 1603 gangrae·

676 1618 748 1637 nam
772 1608 854 1645 abit,
883 1608 1051 1648 pleraque,
1074 1618 1144 1649 quae
1171 1617 1242 1637 nar-

676 1660 804 1692 rantur,
822 1660 960 1695 spectare
978 1660 1078 1694 putat.

1063 2266 1129 2306 31*
