1408 2428
598 57 716 86 LIBER
742 57 766 85 1.

1214 53 1276 80 203

91 116 234 152 Temiia
254 129 322 152 nec
339 116 432 151 lanae
448 127 516 164 per
535 114 669 150 coelum
686 113 825 149 vellera
844 111 956 156 ferri3

91 179 176 212 Non
196 175 364 225 tepidum
380 174 426 210 ad
446 174 563 210 solem
579 185 722 223 pennas
742 173 779 207 in
800 172 908 207 litore
928 170 1099 220 pandunt

91 235 246 272 Dilectae
262 234 413 272 Thetidi
433 235 624 283 alcyones;
641 247 717 270 non
737 245 802 269 ore
819 232 961 268 solutos

92 296 266 332 Inmundi
286 295 488 333 meminere
503 308 587 332 sues
599 295 740 345 jactare
760 292 954 342 maniplos.
1232 304 1280 329 aa„

93 419 199 449 eadem
234 422 387 450 sententia
430 422 636 450 continuetur
650 432 659 458 ;

94 476 159 495 uon
174 473 290 505 autem,
309 474 345 497 ut
361 467 458 508 vulgo
474 468 523 503 sit,
541 468 660 507 priores

42 543 51 553 .
93 511 158 541 duo
175 523 282 542 versus
307 514 370 553 396
383 536 390 550 ‚
408 524 427 553 9
449 514 627 551 sejunctum
645 524 661 543 a

94 559 204 587 ceteris
229 569 355 588 sensum
392 560 595 590 constituant.
624 562 661 589 In

93 604 141 632 his
156 604 285 643 quidem
299 608 452 635 sententia
463 617 518 646 per
532 615 563 635 se
576 606 661 636 haud

93 649 232 680 difficilis
261 659 305 680 est
336 651 374 680 ad
412 652 659 692 assequendum:

92 696 200 726 lunam
215 708 294 737 pura
311 705 386 727 tunc
400 699 472 728 luce
491 699 600 728 nitere.
619 700 662 728 At

85 743 190 772 ‚verba
206 745 401 773 contrarium
419 745 561 785 produnt
578 754 585 774 ε
604 756 662 774 nec

95 790 191 818 Luna*
215 790 332 829 surgit,
358 791 388 820 h.
407 802 433 820 e.
453 802 518 820 non
537 792 658 828 oritur;

94 837 199 875 atqui,
227 836 297 864 coeli
329 837 493 866 serenitate
528 836 659 873 reddita,

93 882 189 911 stellae
211 882 319 911 lucent
334 889 365 912 et
382 883 457 912 luna
475 885 661 923 conspectui

94 927 244 958 redditur.
266 928 423 968 Expedire
439 940 505 959 rem
521 928 599 958 mihi
614 931 661 959 xi-

92 973 168 1004 deor
186 985 226 1004 ex
249 975 337 1004 Arati
357 975 461 1005 verbis
484 986 554 1015 quae
571 983 662 1015 poeta

92 1020 261 1050 reddidisse
275 1021 400 1051 videtur
414 1033 453 1050 ex
468 1033 526 1052 vss.
541 1022 604 1051 882
615 1033 660 1063 sq.

93 1067 219 1096 Scilicet
244 1068 359 1097 Aratus
394 1069 585 1108 tempestatis
612 1071 660 1099 in-

94 1114 236 1151 gruentis
258 1114 384 1154 signnm
403 1116 552 1154 apponit:
564 1126 662 1154 quan-

92 1159 134 1188 do
150 1166 278 1199 repente
294 1160 455 1190 stellarum
469 1161 528 1190 lux
541 1161 660 1191 obtun-

90 1205 186 1242 ditur,
199 1205 383 1243 offuscatur,
399 1207 489 1236 nulla
505 1218 663 1247 apparen-

90 1258 118 1280 te
134 1262 259 1287 caussa,
272 1262 330 1281 nec
346 1252 487 1283 nubibus
498 1254 658 1291 obductis,

90 1308 148 1327 nec
165 1298 297 1339 caligine
319 1299 392 1335 alia,
413 1310 471 1328 nec
489 1300 566 1329 Ιιιηα
581 1301 659 1329 sub-

90 1351 169 1379 orta,
185 1355 256 1384 quae
272 1344 420 1374 nimirum
438 1345 506 1374 luce
527 1357 585 1374 sua
606 1357 660 1375 eas

90 1400 108 1417 0
116 1389 238 1430 fita-cet,
257 1390 295 1419 iis
313 1391 442 1433 officiat.
462 1393 545 1432 Ergo
564 1392 660 1421 verba

90 1436 241 1471 Maronis,
257 1438 324 1476 qui,
340 1448 356 1466 e
373 1439 542 1474 contrario,
555 1437 659 1467 abesse

90 1483 281 1522 tempestatis
313 1484 461 1523 praesagia
502 1483 658 1514 declarare

89 1528 176 1565 vult,
195 1529 331 1558 naturali
347 1531 379 1559 vi
396 1536 427 1558 et
447 1540 541 1559 sensu
557 1532 658 1570 posita

89 1580 163 1603 sunt
176 1585 183 1605 :
196 1585 253 1604 nec
268 1575 404 1612 videtur,
416 1577 567 1613 cernitur,
579 1578 658 1606 acies

89 1621 250 1651 stellarum
271 1622 403 1658 obtusa,
425 1633 485 1652 nec
503 1624 655 1659 cernitur,

89 1677 224 1709 surgere,
242 1679 300 1698 nec
315 1669 416 1709 surgit
427 1691 434 1705 ‚
455 1669 558 1698 oritur
568 1692 576 1706 ‚
595 1671 655 1698 Lu-

91 1724 134 1742 na
153 1713 371 1755 radiisfiacrz's
386 1715 537 1752 obnoaeia,
552 1716 657 1745 lucem

90 1770 177 1790 suam
190 1771 206 1790 a
221 1761 286 1791 sole
300 1763 439 1790 mutuari
453 1761 543 1791 solita
553 1785 561 1799 ,
578 1762 610 1791 h.
628 1773 655 1792 e.

93 1816 161 1835 non
183 1809 296 1843 oritur,
311 1806 428 1847 prodit,
447 1815 482 1836 ut
496 1808 566 1837 luce
584 1819 656 1837 snas

90 1852 199 1881 stellas
210 1853 376 1882 obscurare
382 1853 492 1894 possit.
509 1855 591 1895 Ergo
605 1854 657 1883 ab·

90 1908 155 1927 esse
173 1906 266 1938 poeta
288 1900 329 1928 ait
353 1899 402 1935 id,
419 1899 506 1940 quod
524 1907 657 1940 tempes-

91 1945 161 1973 tatis
174 1945 317 1974 instantis
327 1946 452 1986 signum
463 1956 527 1975 esse
542 1953 657 1986 posset,

92 2000 165 2019 cum
194 1991 311 2020 coelum
337 1998 486 2031 repente,
507 1992 595 2021 nulla
619 1992 658 2021 de

92 2046 198 2066 caussa
221 2044 407 2078 apparente,
424 2044 573 2077 tauquam
589 2048 658 2068 aere

92 2082 233 2119 densato,
244 2083 442 2113 obscuratur.
455 2085 602 2115 ——Nunc
612 2095 657 2115 VS.

94 2130 155 2168 397
177 2129 299 2159 Tenuia
319 2140 377 2158 nec
402 2130 499 2160 lance.
515 2131 565 2160 Ex
580 2132 659 2160 Ara·

93 2182 144 2213 to,
160 2176 238 2207 ibid.
263 2177 338 2213 206,
357 2186 418 2215 207
441 2186 447 2206 :
466 2174 602 2207 πολλάκι
630 2172 660 2206 δ’

717 418 828 461 &pyctas
823 418 886 448 ’νων
912 417 1026 454 ὑετῶν,
1048 427 1142 458 περεα.
1161 416 1283 459 προπά-

717 466 880 508 pexis-1027.
897 462 1046 507 vostre-7..
1033 474 1064 484 ·
1054 462 1118 492 dm.
1121 474 1164 492 σιν
1189 462 1228 493 ἑο
1225 463 1284 493 zi<

714 508 888 542 roci-adhoc
877 522 970 541 νται.
981 511 1108 539 Vellera
1119 510 1286 547 &magnu-

716 558 843 588 beculas
857 559 938 588 lanis
953 557 1085 593 similes,
1101 558 1216 586 nostris
1231 557 1286 586 ho-

715 606 856 634 minibus
877 604 1015 634 oviculas
1037 604 1146 639 dictas,
1172 604 1286 632 sereni-

716 653 784 680 tatis
825 653 950 680 nuntias
991 649 1184 690 accipiebam
1205 671 1213 683 ,
1250 656 1286 678 ut

715 698 783 734 alii3
810 698 889 726 male
913 705 1009 726 vero:
1028 706 1100 725 nam
1122 706 1161 724 ex
1184 702 1286 735 poetae

715 745 867 774 sententia
892 754 956 773 esse
985 742 1077 771 debet
1104 742 1285 781 prognosti-

716 801 788 819 cum
815 791 959 819 instantis
995 789 1185 828 tempestatis
1215 788 1286 827 plu-

714 837 830 873 viosae;
856 835 943 875 quod
977 845 1062 864 nunc
1097 833 1203 863 abesse
1233 834 1285 863 ait.

715 885 793 913 Sunt
824 892 899 922 ergo
935 880 1037 910 nubes
1073 890 1130 920 per
1167 880 1285 909 coelum

715 939 828 969 sparsae
841 939 916 957 mox
930 928 964 956 in
978 926 1155 956 densiorem
1170 934 1200 955 et
1218 926 1287 955 obs-

717 985 826 1004 curam
856 974 976 1003 nubem
1008 974 1139 1003 coitura:
1164 982 1171 1002 z
1204 972 1284 1002 Plin.

716 1022 847 1057 XVIII,
870 1021 921 1057 35,
948 1031 972 1050 s.
1006 1020 1046 1049 82
1065 1018 1100 1048 Si
1115 1018 1228 1055 nubes,
1254 1027 1288 1048 uc

715 1067 843 1096 vellera
858 1067 955 1102 lame,
971 1074 1163 1107 spargentur
1178 1065 1286 1095 multa?

716 1113 756 1142 ab
783 1113 914 1149 oriente,
932 1124 1053 1153 aquam
1082 1112 1114 1141 in
1147 1111 1285 1141 triduum

711 1159 918 1201 prcesagient.
950 1160 1063 1189 Aliena
1099 1169 1114 1188 a
1147 1170 1180 1187 re
1215 1158 1284 1188 loca

715 1213 807 1243 sunt,
822 1216 893 1246 quae
915 1206 1015 1236 Cerda
1035 1211 1204 1239 memorat,
1223 1206 1285 1233 Lu-

713 1254 784 1282 cani
803 1255 859 1287 IV,
882 1253 1002 1288 124‚-5.
1019 1251 1173 1282 Martialis
1192 1257 1223 1279 et
1239 1261 1285 1279 re-

713 1299 808 1338 liqua.
829 1317 875 1321 —
896 1300 972 1337 399.
1000 1298 1136 1328 Dilectae
1160 1295 1288 1326 Thetidi

713 1344 874 1383 alcyones.
898 1346 948 1374 Sic
965 1346 1028 1382 jam
1053 1343 1190 1373 Theocr.
1210 1343 1284 1378 VII,

716 1391 757 1437 59
781 1392 814 1420 ss
815 1390 967 1420 ereidibus
991 1389 1137 1419 dilectas
1148 1389 1283 1419 dixeiat.

714 1428 815 1466 Amy:
817 1447 845 1466 νε
849 1448 862 1471 ς
873 1435 1050 1488 ,ssotuzotk
1074 1432 1171 1477 Νηρηὶ
1164 1445 1202 1464 ,σι
1233 1444 1284 1464 ται

712 1493 745 1512 τε
757 1481 820 1513 ud)
823 1493 877 1535 257.
888 1477 1048 1525 ὀρνίχωνς
1039 1479 1106 1521 :epit
1108 1478 1216 1517 west,
1202 1491 1284 1514 οσαις

712 1528 746 1558 τέ
768 1539 825 1572 περ
856 1527 886 1566 εξ
913 1527 984 1563 άὶὸς
1012 1526 1109 1572 ἄγεσι.
1132 1529 1174 1557 Iis
1197 1527 1285 1556 incu-

712 1575 861 1605 hanribus
876 1586 959 1605 mare
982 1574 1190 1614 tranquillum
1208 1583 1284 1609 esse,

711 1622 798 1651 unde
828 1621 893 1651 djes
915 1621 1086 1662 Halcyonii
1108 1620 1185 1650 dicti
1209 1626 1285 1648 sunt

711 1675 785 1698 nota
809 1679 857 1698 res
879 1675 934 1698 est.
959 1668 1071 1697 Aliena
1095 1673 1201 1696 tamen
1218 1665 1283 1694 haec

710 1714 749 1743 ab
770 1714 802 1744 h.
827 1715 848 1745 l.
871 1721 965 1750 sunt,
981 1724 1046 1754 quo
1067 1713 1215 1753 praesagia
1238 1712 1284 1740 in-

710 1762 851 1800 gruentis
879 1761 1071 1800 tempestatis
1106 1767 1282 1788 memoran-

710 1813 782 1836 tur:
800 1807 952 1846 alcyones
976 1817 1050 1835 raro
1076 1806 1111 1834 in
1136 1813 1283 1843 conspecr

712 1859 779 1881 tum
802 1854 947 1883 veniunt.
978 1853 1046 1881 Nec
1079 1851 1144 1880 nisi
1175 1848 1282 1889 Vergi-

712 1898 828 1929 liamm
860 1909 972 1928 occasu
998 1905 1028 1927 et
1044 1897 1130 1926 circa
1145 1894 1282 1925 solstitia

711 1945 829 1975 brumoe
840 1956 851 1974 :
862 1956 892 1974 v.
909 1945 1042 1974 Aristot.
1066 1945 1108 1974 H.
1127 1945 1167 1973 A.
1182 1943 1224 1978 V,
1239 1951 1280 1980 93

711 1991 792 2021 Plin.
811 1994 863 2027 X,
887 1992 939 2027 32,
962 2001 986 2020 s.
1013 1995 1066 2028 47.
1093 1991 1186 2019 Tune
1206 1997 1282 2028 ergo

710 2038 929 2078 praesagientes
962 2037 1042 2066 aeris
1070 2035 1281 2065 mutationem

712 2084 825 2123 pennis
846 2083 992 2123 expansis
1017 2093 1081 2112 esse
1106 2082 1218 2112 solent.
1234 2098 1280 2103 —-

715 2130 776 2158 Ore
789 2130 890 2159 soluto
907 2129 957 2158 alii
971 2128 1055 2169 apud
1069 2129 1222 2159 Servium.
1234 2144 1281 2150 -—-

716 2181 791 2211 400.
809 2175 990 2216 Mant'pulos
1004 2185 1070 2205 non
1086 2174 1181 2204 modo
1200 2183 1280 2203 mes-
