1408 2428
578 60 638 90 ει.
664 61 792 92 maxx.
1228 64 1286 105 xiij

82 130 334 175 'tr-ationem
373 130 500 173 enim
538 128 638 173 haec
677 145 704 173 a
737 145 813 174 me
852 130 1179 193 postulabant3
1223 148 1281 178 an

79 222 192 251 vero
213 223 266 251 ea
284 242 295 262 ‚
330 223 435 269 quae
460 207 618 251 minus
642 206 765 251 bene
791 206 929 251 allata
948 217 1082 252 erant
1098 242 1109 264 ‚
1150 206 1282 254 refel-

80 283 226 328 lerem
244 320 254 340 ‚
290 282 582 329 dubitabam.
611 283 684 328 Ab
712 283 801 329 hac
821 286 948 329 enim
968 285 1283 333 illiberalitate

80 361 312 405 intactum
338 371 503 424 pectus
529 376 715 424 semper
733 361 880 407 habui
899 398 910 417 ‚
938 372 991 407 ut
1016 361 1284 409 refellendis

81 447 162 482 aut
181 436 417 483 elevandis
443 438 644 484 aliorum
664 438 800 486 dictis
818 439 1062 502 indignam
1082 451 1128 486 et
1152 443 1283 504 igno-

78 513 225 560 bilem
246 516 445 579 gloriam
466 527 718 582 captarem.

144 612 366 655 Ceterum
395 627 498 656 eam
515 611 690 675 legem,
731 629 837 675 quae
861 614 1122 675 unicuique
1147 616 1286 659 inter-

83 687 203 747 preti
223 689 467 750 proposita
488 704 587 733 esse
604 687 768 743 debet,
789 699 843 734 ut
861 688 979 733 nihil
992 688 1156 751 ‚quod
1179 690 1285 736 luce

81 762 238 825 aliqua
258 764 494 827 indioeat‚
532 782 640 810 cum
659 765 718 810 ad
736 765 890 811 illust1
893 765 1070 811 andum
1091 765 1284 813 difficile

80 841 138 883 sit
156 875 167 893 ,
206 842 393 885 omittat
413 857 466 886 ac
487 851 762 904 praeteream
788 841 907 886 nihil
927 852 1115 897 autem
1152 842 1284 904 quod

79 919 188 961 satis
222 916 341 962 lucis
377 933 461 981 per
497 934 546 964 se
578 918 752 965 habeat
769 955 780 975 ,
821 920 984 965 alienis
1019 919 1282 964 luminibus

77 990 236 1038 affusis
280 992 480 1040 offuscet
527 1006 574 1041 et
621 995 845 1041 obscuret
866 1032 877 1052 ,
930 1012 1182 1057 nunquam
1226 1011 1281 1040 ex

78 1072 227 1117 oculis
264 1071 419 1118 dimisi
438 1110 449 1129 ‚
502 1090 652 1137 eaque
690 1073 921 1120 industria
971 1084 1017 1119 et
1063 1075 1281 1119 cautione

78 1164 155 1194 me
176 1149 293 1195 illud
313 1161 622 1214 assequutum
644 1167 742 1197 esse
763 1168 900 1215 spero
917 1187 927 1207 ‚
948 1161 1024 1207 ut,
1043 1152 1079 1195 si
1099 1167 1195 1195 non
1217 1167 1283 1195 ra-

78 1242 179 1271 ram
209 1225 474 1273 doctrinam
504 1239 550 1274 et
575 1231 833 1292 exquisitas
862 1229 1043 1291 ubique
1064 1228 1281 1275 observa-

77 1306 231 1350 tiones
249 1306 487 1351 attulerim
500 1343 511 1362 ,
530 1318 577 1352 at
591 1307 730 1352 utiles
748 1317 906 1352 tamen
917 1309 1282 1352 commentarios

77 1382 126 1424 in
152 1392 402 1443 poetarum
436 1385 701 1447 principem
734 1382 1000 1428 condidisse
1027 1381 1176 1427 videri
1204 1383 1280 1429 de-

76 1456 235 1513 beam,
251 1460 299 1502 in
317 1459 495 1521 quibus
514 1477 568 1505 ea
588 1462 833 1524 proposita
851 1462 963 1516 sint,
984 1459 1160 1522 quibus
1179 1459 1281 1521 ejus

78 1533 218 1578 lectio
240 1534 477 1595 adjuvari,
505 1536 852 1589 commendari,
875 1547 921 1582 et
938 1573 950 1593 ‚
975 1538 1011 1582 si
1033 1553 1129 1581 non
1149 1539 1280 1581 omni

75 1608 289 1655 molestia
306 1610 505 1658 liberata
522 1649 533 1669 ⁷
555 1623 601 1658 at
626 1630 736 1658 cum
754 1613 997 1677 voluptate
1016 1623 1173 1659 tamen
1199 1613 1278 1658 ali-

74 1703 169 1748 qua
189 1689 444 1750 conjuncta
462 1727 472 1747 ‚
510 1691 659 1737 videri
682 1694 843 1755 possit.

138 1789 236 1832 Nec
281 1798 438 1834 tamen
487 1800 637 1836 totam
684 1808 839 1837 meam
878 1792 1276 1855 qualemcumque

74 1878 267 1925 operam
300 1864 375 1910 his
410 1865 588 1912 finibus
615 1868 938 1913 circumscribi
968 1885 1131 1931 passus
1155 1884 1275 1915 sum.

74 1941 194 1983 Cum
227 1942 455 2004 Virgilius
480 1945 518 1988 is
545 1946 604 1989 sit
621 1979 632 2000 ‚
667 1947 716 1988 in
743 1962 840 2006 quo
874 1944 1073 2007 legendo
1105 1961 1276 2009 magna

0 2011 6 2019 ’
70 2015 354 2075 juvenilium
374 2018 641 2065 studiorum
660 2036 767 2083 pars
789 2023 1003 2066 consumi
1022 2022 1168 2068 soleat
1184 2059 1195 2079 ‚
1217 2038 1273 2068 eo

72 2094 267 2155 quidem
288 2097 485 2142 consilio
499 2133 509 2153 ,
530 2096 791 2151 dummodo
817 2099 953 2145 multi
979 2099 1028 2145 id
1055 2100 1144 2147 sibi
1164 2118 1272 2165 pro-

56 2172 282 2232 vositum
299 2171 551 2225 haberent,
570 2184 624 2220 ut
644 2173 702 2220 ad
722 2174 1074 2224 adolescentum
1086 2178 1275 2240 ingenia

234 2264 264 2298 I.
1019 2295 1022 2298 .
1097 2267 1119 2301 b
