1377 2428
530 62 651 94 LIBER
675 62 734 92 ΙΙΙ.

1163 61 1223 90 361

37 130 148 164 Prata
166 137 321 162 movere
336 122 521 168 animum,
541 135 635 167 non,
651 121 717 170 qui
737 133 805 169 per
819 132 909 156 saxa
924 119 1074 157 volutus

37 186 174 222 Purior
195 185 334 221 electro
353 195 525 231 campum
541 182 636 232 petit
653 181 788 227 amnis;
807 188 843 217 at
858 180 934 217 ima

39 246 246 282 Solvuntur
263 246 397 288 latera,
415 251 527 291 atque
544 242 672 277 oculos
690 249 822 289 stupor
839 249 948 289 urget
966 239 1114 285 inertis,

39 306 98 342 Ad
116 315 328 355 terramque
346 304 430 340 fluit
448 303 592 339 devexo
611 301 778 352 pondere
795 301 935 337 cervix.

40 366 143 414 Quid
158 366 283 411 labor,
300 372 363 401 aut
378 363 574 400 benefacta
585 362 741 412 juvant?
760 360 862 406 Quid
874 373 1027 397 vomere
1043 369 1161 397 terras
1179 369 1227 392 ⁵25

38 425 240 461 Invertisse
260 420 406 473 gravis?
422 422 526 471 atqui
546 435 621 458 non
640 419 799 457 Massica
819 418 956 455 Bacchi

39 488 218 530 Munera,
235 497 312 520 non
327 483 398 520 illis
418 483 538 533 epulae
557 494 721 518 nocuere
739 488 917 530 repostae3

37 544 250 581 frondibus
266 552 302 579 et
321 544 424 579 victu
440 550 646 591 pascuntur
660 540 840 589 simplicis
859 538 1006 584 herbae3

39 604 177 640 Pocula
193 613 279 640 sunt
296 603 416 638 fontes
435 601 588 650 liquidi,
605 609 716 649 atque
733 599 898 636 exercita
918 611 1030 635 cursu

35 764 77 784 na
86 755 128 791 ΙΙ,
142 753 182 783 36
191 764 202 782 1
213 771 260 776 —-
269 753 344 783 363.
353 754 422 783 Nec
434 760 549 782 tenerae
561 763 609 781 sez-

36 800 112 830 Iices
121 823 129 837 9
144 807 239 840 atque
253 799 355 829 herbae
367 810 436 828 rore
449 799 604 840 vigentes,

36 846 248 886 Fluminaque
261 846 328 875 ulla
345 851 464 886 queunt
480 845 608 874 summis

35 892 176 922 labentia
189 891 262 932 ripis
278 892 443 921 Oblectare
452 891 605 922 animum.

34 956 80 961 —-
92 940 168 968 522.
183 939 341 967 Electrum
356 938 527 973 metallum,
542 948 607 967 non

35 986 200 1014 succinum
215 1008 224 1021 ‚
245 984 485 1026 intelligendum
514 991 605 1024 puto,

36 1032 108 1070 quia
132 1030 213 1060 illud
233 1031 399 1071 splendore
412 1030 561 1067 nobilius,
576 1038 607 1060 et

36 1087 203 1106 commune
225 1077 288 1106 fere
308 1078 409 1117 poetis
430 1084 491 1113 est,
505 1076 544 1105 ab
558 1088 606 1105 ar-

34 1130 129 1162 gento
151 1133 302 1162 aquarum
322 1123 519 1163 perlucidum
538 1134 606 1152 can-

33 1169 143 1198 dorem
152 1176 271 1199 notare.
280 1169 501 1209 Adslipularur
508 1170 607 1200 Servii

35 1216 214 1245 auctoritas.
238 1216 277 1245 cf.
293 1216 413 1247 Gallim.
432 1216 467 1244 in
479 1217 549 1246 Cer.
564 1223 605 1255 29

34 1267 66 1290 et
86 1261 133 1290 ibi
150 1261 318 1301 Spauhem.
331 1262 380 1290 At
397 1260 525 1301 apodosi
538 1262 570 1291 h.
584 1262 605 1291 l.

31 1308 166 1336 inseruit
179 1318 187 1344 3
200 1314 236 1336 ut
250 1305 328 1349 ἀτειρ
340 1330 348 1343 ,
365 1305 457 1337 ἀλλά.
469 1323 517 1328 -
529 1308 604 1337 523.

34 1353 201 1382 Solvuntur
209 1353 311 1385 latera
321 1353 396 1389 ima,
409 1353 604 1390 flaccescunt,

33 1403 253 1440 corrugantur.
268 1399 327 1430 Sed
348 1407 379 1429 et
399 1400 520 1439 reliqua
539 1399 605 1428 lan-

33 1453 165 1486 guorem
178 1445 340 1476 denotant.

81 1489 159 1520 525.
190 1493 278 1520 Bene
294 1491 392 1532 sacta
417 1491 469 1520 alii
497 1491 605 1520 distin-

30 1542 146 1578 guunt,
162 1543 198 1566 ut
211 1538 275 1566 siut
287 1537 365 1566 faeta
377 1537 533 1576 praeclara.
549 1538 605 1566 At-

31 1584 88 1623 qui
100 1590 285 1612 enarrantur
306 1594 382 1612 mox
402 1582 552 1611 beneficia
569 1583 604 1611 iu

30 1629 184 1659 homines.
198 1631 312 1658 Juvent
330 1629 454 1660 Nonius
473 1628 603 1657 Mareel-

31 1675 79 1704 lus
92 1676 127 1704 in
136 1674 251 1716 gravis.
259 1676 326 1715 Quo
340 1685 471 1704 vomere
480 1674 599 1705 Znh'ch.

31 1730 99 1750 11011
116 1721 196 1750 male
207 1743 215 1758 ‚
231 1728 268 1750 ut
286 1732 347 1761 quo
370 1731 429 1760 pro
457 1720 503 1749 ad
524 1720 605 1760 quid

30 1767 81 1796 vel
99 1766 179 1806 quid
197 1774 336 1807 ponatur
346 1789 354 1804 ‚
370 1773 407 1796 ut
419 1767 541 1796 millies.
554 1784 601 1789 —

34 1813 98 1842 525
108 1830 156 1843 -r-
164 1813 239 1844 530.
251 1815 313 1844 Sex
322 1813 439 1843 horum
451 1823 600 1842 versuum

31 1857 302 1899 pulchritudinem
325 1860 368 1890 ita
391 1859 603 1888 admirabatur

31 1905 171 1934 Poefices
181 1904 287 1941 lib.V‚
300 1915 366 1945 cap.
386 1916 398 1934 1
409 1916 436 1941 1,
452 1915 520 1945 pag.
537 1905 602 1943 264

32 1950 64 1980 b.
79 1950 224 1990 Scaliger,
237 1957 274 1979 ut
287 1961 395 1980 eorum
407 1957 517 1980 auctor
530 1951 603 1980 fuis-

32 2006 66 2025 se
79 1996 194 2032 mallet,
208 2007 302 2036 quam
316 1997 460 2026 Croesum
476 2004 529 2025 aut
543 1997 602 2037 Cy-

32 2053 105 2071 rum
130 2042 214 2071 dicto
244 2043 423 2072 audientem
446 2043 600 2073 habuisse.

31 2088 187 2128 Equidem
194 2089 299 2118 malim
309 2096 390 2118 certe
398 2099 504 2118 versus
510 2090 604 2129 scrip-

31 2135 106 2165 sisse
117 2157 125 2172 ,
139 2144 232 2174 quam
246 2146 298 2165 eos
311 2142 434 2164 tantum
452 2135 604 2175 interpre-

30 2180 99 2211 tari.
107 2181 160 2213 Ad
174 2181 406 2212 miserationem
415 2181 604 2230 movendam

192 2248 222 2282 1.

662 758 813 781 memorat
825 750 903 787 haec,
917 749 1003 789 quod
1016 760 1074 780 nee
1087 750 1232 782 laborum

662 798 844 828 hominibus
857 797 1092 826 fructuosorum
1105 800 1234 838 praemia

662 844 777 881 ferunt,
792 854 851 873 nec
875 854 916 872 ex
938 844 1180 883 intemperantia
1203 852 1235 876 et

660 890 800 927 luxurie,
814 897 850 919 ut
870 890 963 919 multi
984 889 1138 928 homines,
1153 901 1235 922 mor-

661 936 718 966 bos
742 943 773 965 et
794 943 909 965 mortes
928 935 987 965 sibi
1006 943 1059 965 aut
1073 940 1236 970 arcessive-

659 989 735 1012 runt
754 989 806 1012 aut
828 990 1036 1012 maturarunt.
1052 984 1161 1023 Itaque
1187 997 1232 1016 vs.

661 1030 724 1058 528
747 1030 876 1070 supple:
887 1031 966 1068 quin
986 1029 1093 1070 potius
1107 1029 1236 1070 frondi-

659 1075 714 1104 bus
730 1084 760 1105 et
773 1087 806 1105 ν.
816 1083 992 1115 pascmzlm‘
1002 1086 1026 1106 s.
1040 1074 1070 1105 ἢ.
1096 1094 1142 1098 ——
1155 1079 1230 1109 526,

663 1123 776 1151 Terras
797 1131 927 1163 graues,
949 1123 1100 1161 spissum,
1114 1124 1232 1165 pingue

660 1168 762 1199 solum
772 1190 779 1204 ,
792 1166 880 1197 unde
894 1166 1031 1198 difficih's
1044 1170 1151 1206 aratio,
1162 1172 1232 1211 gle-

660 1213 708 1243 ἷκε
717 1222 908 1249 cunctantes,
920 1221 955 1243 ut
962 1215 1018 1245 Ge.
1028 1217 1053 1251 Ι,
1065 1215 1232 1256 236‚quae-

661 1271 722 1300 que
734 1272 793 1290 uec
805 1262 910 1290 minus
924 1260 1001 1289 adeo
1016 1261 1109 1302 gravi
1123 1273 1232 1292 ‘vome-

659 1317 702 1342 re,
718 1307 811 1348 gravi
821 1307 939 1342 labore,
954 1306 1105 1348 indigent.
1120 1309 1233 1338 Massi-

658 1362 697 1380 ca
712 1355 785 1382 vina
798 1353 860 1382 vid.
876 1354 933 1382 Ge.
949 1355 991 1388 ΙΙ,
1011 1355 1141 1389 143.——-
1153 1356 1230 1393 527.

658 1399 688 1426 E
686 1400 772 1439 μυῖα,
782 1407 923 1438 repostoe,
932 1400 965 1427 iu
976 1406 1038 1428 tam
1048 1400 1131 1429 varia
1138 1401 1232 1430 inter-

657 1447 832 1485 pretatione
859 1445 966 1473 malim
1000 1446 1137 1485 accipere
1170 1458 1230 1488 pro

657 1492 802 1530 simplici,
810 1490 935 1530 pos-itte,
945 1491 1108 1530 appositae,
1119 1498 1155 1521 ut
1169 1493 1226 1523 Ge.

657 1540 714 1573 IV,
730 1538 768 1574 37
777 1538 792 1565 S
807 1543 841 1565 et
849 1537 950 1576 plena
962 1544 1119 1576 reponunt
1130 1541 1228 1567 Pocu-

657 1583 701 1613 la.
720 1584 793 1612 Fert
811 1583 871 1612 hoc
892 1593 967 1611 usus
987 1583 1091 1612 saeculi
1104 1585 1228 1625 Augus-

655 1630 708 1665 tei,
722 1629 835 1669 saepius
848 1630 882 1657 in
900 1630 1032 1658 Marone
1048 1636 1079 1658 et
1093 1631 1227 1660 Horatio

654 1681 780 1704 notatus
796 1675 834 1703 ab
852 1677 957 1714 Intpp.
978 1682 1008 1704 et
1025 1676 1089 1712 jam
1110 1677 1145 1705 in
1165 1678 1226 1706 Lu-

655 1728 731 1751 cret.
752 1728 788 1750 ut
804 1722 851 1750 III
863 1743 870 1757 ,
887 1722 963 1758 347,
980 1722 1053 1750 105.
1073 1722 1105 1751 Si
1121 1729 1225 1752 tamen

654 1769 700 1796 vis
714 1769 746 1796 in
760 1768 935 1807 composito
950 1767 1130 1805 quaerenda,
1141 1769 1228 1808 equi·-

653 1813 725 1843 dem
748 1813 822 1842 inde
851 1820 955 1853 petam
967 1835 974 1848 ‚
999 1813 1087 1853 quod
1109 1814 1226 1854 sing-uli

655 1860 850 1889 ferculorum
873 1860 983 1887 missus
1005 1860 1095 1888 novis
1110 1860 1226 1889 mensis

656 1907 773 1946 apponi
787 1905 929 1934 solebant
940 1914 947 1934 :
958 1911 994 1934 ut
1011 1904 1089 1934 adeo
1105 1906 1154 1942 sit,
1170 1907 1225 1935 ite-

654 1963 727 1981 rum
756 1953 934 1991 iterumque
969 1961 1138 1991 apponere.
1173 1952 1225 1982 Sic

655 1997 777 2028 AEneid.
794 1999 872 2035 VII,
898 1997 961 2032 134
981 1997 1124 2036 reponite
1138 1997 1222 2027 vina

656 2043 782 2074 mensis.

703 2091 780 2130 529.
808 2091 915 2129 Atque
943 2089 1063 2129 ubique
1087 2089 1220 2129 legitur3

654 2137 762 2166 nescio
776 2135 862 2165 unde
883 2137 917 2164 in
937 2135 1041 2165 Elzev.
1057 2136 1224 2175 irrepserat

657 2190 727 2220 aut,
743 2182 830 2223 quod
845 2183 959 2211 iterum
975 2182 1098 2222 expulit
1112 2182 1222 2212 Heius.

989 2247 1033 2283 31
