1377 2428
560 110 681 140 LIBER
704 110 762 139 III.

1212 111 1275 150 329

82 167 253 212 Femina,
272 180 340 203 nec
356 179 553 203 nemorum
568 167 712 216 patitur
727 165 940 203 meminisse
955 178 1025 203 nec
1045 165 1185 204 herbae.

81 227 264 264 Dulcibus
280 228 341 264 illa
356 227 508 276 quidem
524 226 723 263 inlecebris
740 234 776 263 et
795 239 893 276 saepe
913 227 1097 277 superbos

79 288 266 325 Cornibus
287 288 384 325 inter
400 301 438 324 se
458 287 600 337 subigit
620 287 823 324 decernere
842 288 1011 326 amantis.

80 349 249 385 Pascitur
265 349 304 384 in
319 361 453 398 magna
469 348 545 385 Sila
561 348 726 385 formosa
741 348 904 398 juvenca
920 362 928 383 :

80 410 138 446 Illi
154 411 377 446 alternantes
393 410 510 446 multa
525 409 564 445 vi
580 409 709 459 praelia
724 409 881 447 miscent

1220 428 1268 444 220

80 470 307 507 Volneribus
329 470 490 517 crebri53
511 470 601 508 lavit
619 479 699 507 ater
715 483 876 520 corpora
893 471 1061 521 sanguis,

78 532 272 579 Versaque
291 530 329 566 in
350 530 509 567 obnixos
524 539 708 580 urgentur
724 543 866 567 cornua
879 540 987 568 vasto

79 592 174 628 Cum
196 592 355 640 gemitu:
372 591 531 628 reboant
553 591 730 640 silvaeque
754 600 790 628 et
809 604 965 641 magnus
985 591 1180 642 Olympus.

83 653 164 688 Nec
181 664 261 688 mos
276 651 448 689 bellantis
464 666 538 689 una
555 652 763 698 stabulare3
781 652 846 689 sed
867 653 960 690 alter

79 711 209 748 Victus
232 712 327 758 abit,
344 713 527 762 longeque
544 712 679 761 ignotis
697 712 841 748 exsulat
856 712 950 759 oris3
1222 721 1268 746 225

80 771 200 807 Multa
215 784 364 820 gemens
380 772 640 822 ignominiam,
658 772 860 821 plagasque
879 770 1034 821 superbi

80 829 262 876 Victoris,
280 840 378 876 tum,
395 844 489 881 quos
510 832 631 868 amisit
651 831 811 877 inultus,
830 843 994 876 amores;

80 890 127 924 Et
142 888 288 926 stabula
310 890 528 939 adspectans
546 890 669 940 regnis
692 890 850 927 excessit
866 890 987 927 avitis.

80 951 180 999 Ergo
200 950 301 986 omni
316 963 406 987 cura
423 951 520 987 vires
537 959 705 998 exercet,
727 961 764 989 ct
778 951 877 989 inter

130 1092 205 1119 217.
224 1081 281 1111 Illa
298 1081 424 1122 quidem
440 1092 521 1122 saepe
542 1093 646 1112 aman-

81 1134 126 1157 tes
145 1129 237 1157 etiam
251 1138 389 1169 pugnare
408 1130 492 1169 cogit
505 1129 588 1158 inter
603 1139 646 1159 se.

81 1175 162 1203 Loca
191 1174 248 1203 alia
280 1181 444 1214 poetarum
477 1174 515 1203 de
542 1185 648 1215 pugna

82 1226 247 1250 taurorum
269 1222 425 1261 congessit
446 1220 556 1251 Cei-da.
575 1222 646 1251 Plu-

81 1276 115 1294 ra
136 1267 171 1295 in
189 1268 286 1296 Statio
313 1267 368 1308 (v.
397 1278 424 1297 c.
449 1267 550 1297 Theb.
576 1269 622 1297 VI
636 1291 645 1305 ,

83 1312 147 1347 864
166 1323 232 1352 sqq.
249 1311 261 1352 )
287 1319 318 1342 et
337 1313 449 1343 Flacco
469 1313 582 1353 passim
599 1324 646 1343 re-

81 1359 192 1397 perias.
208 1358 292 1388 Add.
304 1360 440 1399 Oppian.
458 1360 577 1401 Cyneg.
594 1361 644 1397 Π,

83 1405 124 1439 43
138 1415 185 1444 sq.
208 1406 334 1435 Jactant
358 1416 390 1435 se
411 1407 446 1435 in
469 1406 530 1435 hoc
556 1416 647 1446 argu-

81 1457 189 1480 mento
203 1457 314 1491 poetae.
324 1469 370 1473 -——
382 1462 398 1481 2
408 1462 419 1481 1
428 1452 457 1482 8.
469 1454 568 1482 Totus
581 1462 647 1482 ver-

81 1507 132 1525 sus
148 1506 248 1526 unum
261 1497 341 1527 illud
356 1498 520 1538 Apollonii
532 1500 563 1527 II
574 1522 582 1536 ‚
601 1498 643 1538 89

80 1543 249 1582 exprimit,
275 1542 379 1586 ταύρω
403 1541 566 1586 Φορὲάὸος
585 1542 644 1587 ἀμ-

81 1585 113 1629 φὶ
130 1586 198 1627 βοὸς
211 1588 376 1622 κεκοτηότε
392 1586 586 1633 δηριάασθον.
597 1609 643 1615 --

82 1645 158 1675 219.
184 1636 358 1677 Legebatur
377 1637 463 1677 vulg.
488 1636 576 1668 silva.
594 1637 642 1667 Si-

80 1681 114 1711 la
130 1682 206 1711 olim
221 1683 297 1712 alios
309 1683 428 1723 legisse,
441 1684 568 1714 Servius
581 1694 644 1714 me-

79 1734 181 1772 niorat
209 1737 217 1759 ε
246 1730 386 1769 reposuit
418 1731 522 1770 Heyn.
549 1740 644 1770 quem

78 1773 216 1804 Brunck.
241 1782 393 1815 sequutus
415 1783 471 1806 est.
495 1775 565 1806 Sila
588 1786 643 1805 au-

79 1826 141 1849 tem
167 1831 259 1850 mons
285 1821 418 1851 silvosus
438 1843 447 1859 ‚
480 1822 644 1862 Apennini

77 1865 142 1895 huc
151 1869 367 1906 procurrentis
373 1868 441 1908 jugi
455 1878 526 1907 pars
542 1875 644 1898 extre-

78 1921 145 1950 ma,
162 1913 196 1942 in
209 1914 355 1942 extremis
370 1914 472 1942 Brutii
486 1914 568 1951 oris;
584 1924 643 1944 un-

78 1957 117 1987 de
143 1957 268 1988 laudata
288 1959 341 1988 illa
356 1958 420 1998 pix
446 1960 583 1990 Bruttia.
597 1977 644 1983 —-

81 2014 158 2034 220.
171 2004 271 2034 Iidem
281 2004 345 2034 fere
358 2014 468 2034 versus
483 2007 555 2036 AEn.
565 2008 641 2045 XII,

56 2056 65 2063 ·
81 2051 274 2089 72ο-ε-723.
297 2051 526 2088 Alternances,
555 2062 643 2094 αμει-

78 2093 221 2139 Εόμενοι,
240 2107 300 2141 pro
321 2096 478 2135 vicissim,
491 2098 640 2138 invicem,

77 2143 161 2174 inter
175 2154 218 2174 se.

144 2199 221 2220 221.
237 2188 351 2228 Lavit,
390 2191 552 2231 poeticum
574 2201 643 2222 ver·

78 2234 158 2269 bum
172 2246 232 2279 pro
250 2237 360 2277 tingit,
384 2236 566 2279 perfundit,
589 2237 643 2269 de·

700 1081 772 1112 fluit
796 1082 834 1112 de
862 1091 1005 1122 corpore.
1030 1082 1111 1112 Mox
1134 1081 1268 1112 obnixos

700 1139 774 1159 cum
795 1129 931 1166 dilectu,
960 1134 991 1157 et
1010 1129 1054 1158 vi.
1079 1130 1145 1159 Nec
1163 1131 1269 1159 omisit

698 1174 795 1213 hujus
809 1176 896 1205 vocis
911 1185 1005 1204 usum
1026 1175 1142 1205 Statius
1154 1197 1163 1212 ,
1194 1186 1267 1205 cum

698 1222 872 1251 imitatione
885 1220 973 1250 hune
988 1221 1095 1250 locum
1111 1222 1267 1261 exprime-

700 1267 861 1305 ret‚Theb.
873 1268 929 1303 IV,
940 1268 1004 1306 399
1017 1276 1024 1296 :
1037 1267 1149 1296 Ardua
1166 1267 1267 1297 colla—

701 1313 740 1342 tis
758 1313 871 1343 obnixi
884 1323 1003 1342 cornua
1019 1312 1152 1343 miscent
1167 1316 1266 1344 Fron-

701 1359 790 1390 tibus.
808 1377 853 1383 —-
867 1360 944 1389 223.
970 1361 1099 1400 Longus
1115 1360 1268 1400 Olympus

699 1416 758 1445 pro
773 1406 900 1447 vulgato
920 1416 1055 1446 magnus
1065 1429 1073 1443 ,
1087 1406 1151 1444 jam
1167 1407 1266 1436 Hein-

699 1453 746 1481 sio
772 1453 941 1492 probatum
960 1453 1079 1492 recepit
1098 1453 1207 1483 Burm.
1226 1463 1267 1483 ex

697 1508 764 1527 uno
790 1498 908 1528 Medic.
935 1505 966 1527 et
988 1497 1132 1528 Macrob.
1153 1500 1219 1535 VI,
1246 1504 1265 1534 4

697 1551 777 1573 extr.
795 1566 803 1581 ,
832 1552 868 1574 ut
894 1545 934 1574 sit
956 1554 1047 1574 mons
1068 1544 1165 1585 longo
1187 1545 1266 1585 jugo

697 1600 868 1620 excurrens
884 1600 892 1621 ε
908 1601 1019 1619 verum
1037 1589 1090 1619 hic
1107 1590 1265 1631 Olympus

697 1646 764 1666 non
781 1647 871 1667 mons
882 1659 891 1673 ,
912 1636 966 1665 sed
982 1636 1109 1667 coelum.
1125 1653 1170 1660 »-
1186 1647 1263 1675 227.

697 1682 841 1713 Valerius
854 1683 1065 1721 Flaccus,jam
1082 1682 1181 1712 Cerda
1196 1693 1265 1712 mo—

697 1735 790 1759 nente
801 1752 809 1765 ,
824 1729 900 1759 hinc
916 1730 1036 1769 accepit
1049 1738 1057 1759 :
1074 1735 1181 1758 taurus
1197 1729 1263 1758 vic-

696 1780 747 1804 tor
761 1775 865 1805 ubi—
876 1774 980 1805 revisit
994 1777 1039 1804 Et
1045 1774 1189 1814 patrium
1211 1785 1263 1804 ne-

697 1831 780 1857 mus,
796 1829 829 1852 et
839 1821 920 1851 bello
934 1831 1012 1861 quos
1026 1821 1108 1850 ultus
1124 1830 1260 1852 amores,

696 1868 731 1897 L.
748 1868 797 1905 ΙΙ,
823 1867 908 1905 548,
930 1868 1005 1906 549.
1027 1884 1074 1891 --
1090 1867 1168 1897 228.
1189 1868 1262 1896 Sta-

696 1912 770 1941 bula
785 1914 991 1953 adspectans,
1007 1913 1176 1953 respiciens
1186 1936 1195 1951 ,
1212 1923 1262 1942 re—

695 1965 847 1999 torquens
870 1959 1000 1996 oculos;
1023 1965 1060 1988 ut
1079 1958 1210 1988 facimus
1228 1959 1264 1989 in

695 2015 730 2034 re
747 2026 756 2042 ,
787 2015 882 2045 quam
915 2005 1009 2034 inviti
1038 2004 1259 2046 relinquimus-

694 2050 842 2081 Excessit
855 2050 952 2081 docte>
962 2057 1084 2081 mutato
1098 2057 1240 2093 tempore
1250 2074 1259 2089 ‚

694 2107 754 2138 pro
767 2097 904 2128 excedit.

756 2152 821 2183 229
861 2154 929 2185 sqq.
969 2143 1263 2175 Praestantissimum

693 2188 782 2219 hunc
803 2190 931 2227 locum,
950 2196 986 2220 ut
1007 2190 1198 2229 jamdudum
1215 2191 1263 2222 vi.-

695 2235 813 2268 derunt
832 2246 906 2267 cum
927 2236 1039 2278 scalig.
1056 2239 1143 2268 Poet.
1164 2247 1192 2267 c.
1210 2242 1261 2274 14,

1040 2299 1108 2337 28*
