1408 2428
604 95 723 125 LIBER
747 91 772 124 Ϊ.

1222 96 1282 123 185

94 155 167 188 Ter
186 161 270 188 sunt
290 153 413 189 conati
431 153 610 201 inponere
631 152 731 187 Pelio
752 154 884 188 Ossam

95 212 261 255 Scilicet,
279 222 389 261 atque
410 215 512 249 Ossae
529 211 751 248 frondosum
770 212 963 248 involvere
984 210 1189 261 Olympum
1206 226 1213 245 ε

93 274 166 307 Ter
186 275 294 308 Pater
316 281 523 309 exstructos
545 272 690 321 disjecit
711 273 866 309 fulmine
885 272 1033 309 montis.

93 334 273 382 Septuma
291 341 375 383 post
391 333 585 369 decumam
605 333 711 378 felix,
733 343 768 370 et
788 346 929 383 ponere
949 332 1081 378 vitem,

91 395 138 429 Et
157 406 311 442 prensos
330 393 512 430 domitare
528 393 664 440 hoves,
685 403 721 430 ct
740 394 825 430 licia
844 393 925 430 telae

1231 404 1277 427 285

92 450 241 487 Addere
258 467 265 487 ;
286 465 385 487 nona
405 452 500 501 fugae
521 453 670 498 melior,
692 452 880 488 contraria
901 452 1020 487 furtis

90 596 219 624 notione
260 596 503 636 perrumpendi,
542 597 656 625 irrum-

89 640 203 681 pendi,
222 642 308 680 quod
324 642 402 671 bene
421 643 567 671 observat
584 644 657 672 Wa-

89 685 150 716 kef.
182 686 220 715 ad
245 690 368 717 Lucret.
389 690 439 725 11,
460 689 544 725 4063
560 689 607 717 uti
632 690 657 717 si

88 733 214 762 vallum
225 755 232 768 ,
245 742 357 772 porta,
375 734 511 763 rescindi
529 734 655 764 dicitur.

89 779 127 808 Id
142 780 226 808 euim
240 787 385 820 egerunt,
403 779 439 810 ἵν’
455 778 577 821 οὐρανὸς
594 777 653 821 ἅμ-

90 823 182 862 βατος
202 823 263 863 ἐίη;
281 833 331 863 ut,
349 826 406 855 uhi
419 826 592 866 Olympum
608 833 652 854 te-

89 872 248 907 nuissent,
277 882 317 901 ex
347 882 383 901 eo
417 871 532 900 coelum
563 882 654 900 cons-

90 917 258 947 cenderent
269 941 276 954 ‚
307 919 481 956 Jovemque
511 917 656 946 deturba-

88 970 167 993 rent.
184 981 228 986 -—
250 965 326 993 281.
342 965 390 993 Ex
406 963 518 1004 Odyss.
532 965 569 1000 λ,
590 964 654 998 314

88 1008 174 1039 fonte
200 1010 294 1047 hujus
324 1009 456 1045 fabulae,
486 1020 557 1049 quae
580 1009 653 1038 inde

88 1062 174 1092 nata,
188 1056 275 1095 quod
290 1063 378 1085 motu
403 1063 493 1085 terrae
514 1056 655 1095 graviore

87 1104 164 1132 Ossa
182 1102 220 1131 ab
245 1102 384 1142 Olympo
410 1101 533 1131 revulsa
563 1108 655 1140 atque

88 1148 238 1177 convallis
251 1149 332 1177 saxis
357 1147 554 1187 rupibusque
579 1158 654 1176 con-

85 1200 179 1223 strata
203 1194 313 1223 fuerat.
337 1205 367 1223 v.
382 1194 493 1223 Strabo
508 1193 563 1222 hb.
582 1195 629 1222 lx
645 1216 652 1228 ‚

85 1250 132 1279 p..
152 1240 217 1270 658
248 1241 287 1269 A.
313 1257 358 1262 -—
378 1240 454 1269 228.
488 1241 654 1278 Imponere

88 1285 258 1325 Olympum
290 1285 393 1316 Schol.
433 1287 542 1315 Horat.
575 1286 654 1315 Cru-

85 1332 189 1370 quius.
201 1334 358 1361 Invenere
372 1331 657 1361 Parrhas.—Fr0n-

86 1377 171 1406 dosoe
194 1377 269 1418 frag.
293 1379 408 1407 Moret.
419 1377 633 1405 -Involvere
644 1399 652 1411 ‚

85 1422 138 1452 hic
156 1429 202 1452 est
226 1433 369 1459 sursum,
388 1424 424 1452 in
442 1423 585 1451 altiorem
607 1422 653 1451 lo-

55 1480 59 1490 =
87 1479 160 1498 cum
174 1469 311 1498 volvere.
332 1468 456 1498 Scilicet
468 1475 513 1497 est
529 1464 568 1500 δὴ
582 1478 654 1507 poe-

60 1512 63 1516 *
87 1522 205 1551 tarum,
221 1515 272 1544 vel
287 1511 324 1556 ῥὰ
335 1537 342 1551 ,
360 1515 475 1554 quibus
489 1515 535 1543 vis
553 1513 653 1543 dicto-

86 1571 157 1590 rum
172 1568 322 1601 augetur:
338 1562 430 1590 etiam
440 1556 480 1593 341
497 1558 535 1602 ῥα.
547 1583 554 1595 ,
570 1559 655 1589 unde

86 1607 202 1636 factum
233 1603 375 1644 δηλαδὴ,
397 1617 437 1636 ex
455 1602 588 1648 ὃηροιδγῖ,
610 1623 654 1629 -a

87 1654 164 1682 283.
187 1653 364 1682 obstructos
382 1652 531 1683 Rottend.
557 1660 655 1682 scruc-

86 1707 132 1728 ιω
150 1699 225 1730 duo.
239 1716 283 1723 —-
294 1698 419 1740 Dejecic
436 1701 569 1729 Roman.
601 1699 654 1728 sed

87 1745 230 1786 disjicere
255 1746 328 1786 plus
360 1752 423 1782 est,
452 1752 483 1775 et
505 1746 655 1783 majorem

87 1792 241 1832 impetum
267 1791 370 1821 habet.
402 1809 447 1816 --
466 1792 542 1827 284.
573 1791 656 1820 Vites

88 1840 221 1868 Roman.
239 1849 273 1868 ac
287 1838 397 1875 multi3
412 1837 466 1867 sed
477 1837 576 1867 vitem
587 1837 655 1874 alii3

89 1885 207 1923 recepit
233 1885 340 1914 Heius.
369 1883 455 1913 idem
483 1884 616 1913 malebat
640 1894 656 1912 e

90 1929 268 1969 potioribus
292 1937 339 1959 est
347 1940 479 1970 ponere.
489 1947 536 1951 —
548 1931 657 1968 Eaepo-

92 1986 166 2005 nere
179 1976 310 2005 Mentel.
330 1986 379 2016 pr.
403 1982 434 2005 et
454 1975 576 2006 Zulich.
600 1975 657 2005 im-

86 2032 208 2061 ponere
223 2022 271 2052 ed.
287 2022 506 2052 Ven.-N0n
520 2022 591 2051 satis
606 2022 658 2052 de-

67 2056 238 2108 {flnitum3
252 2069 332 2098 sitne
350 2067 415 2097 dies
433 2068 530 2098 XVII
550 2068 661 2098 intelli-

70 2110 209 2168 }gendffi
235 2124 275 2144 an
295 2113 360 2144 dies
383 2116 414 2144 X
431 2113 508 2143 felix
524 2114 581 2148 illa
593 2115 660 2154 qui-

13 2160 23 2167 ’
70 2169 78 2199 ζ,
94 2160 165 2189 dem
178 2183 186 2197 ‚
206 2161 262 2190 sed
281 2159 458 2190 secundum
478 2170 545 2189 eam
559 2160 661 2190 multo

70 2200 78 2226 l
96 2199 191 2247 mss'gis
203 2208 279 2237 VII.
289 2207 450 2238 Decimam
459 2206 588 2236 faustam
597 2217 662 2237 esse

710 596 843 625 affirmat
853 597 945 624 ctiam
960 594 1088 624 Hesiod.
1108 588 1184 638 ¹³⁴3?ss
1202 603 1277 635 7594,

710 650 741 671 et
765 643 926 682 septimam
946 652 1004 670 VSS.
1031 651 1115 678 770,
1135 642 1211 671 805.
1236 645 1279 671 At

710 699 780 728 quae
804 688 855 717 hic
877 699 906 717 v.
940 688 1006 716 285
1027 695 1254 717 enumerantur
1268 711 1275 719 ,

710 734 749 763 ad
771 734 853 763 diem
871 734 923 763 ille
942 735 1021 762 XIV
1047 733 1141 763 refert
1158 745 1188 763 v.
1213 741 1277 774 794

709 798 755 803 —-
773 791 846 819 797.
867 780 975 819 Quaeri
1000 790 1128 818 quoque
1160 786 1281 819 potest,

706 827 785 855 sitne
802 836 890 854 nona
908 836 952 854 vs.
966 825 1030 854 286
1042 832 1114 865 post
1125 825 1277 854 decimam

706 871 923 912 intelligenda,
951 882 990 900 an
1016 872 1130 900 mensis
1155 881 1194 900 an
1223 882 1277 900 cu-

705 919 803 955 jusvis
818 917 951 947 decadis.
962 935 1008 940 -——
1020 918 1096 946 285.
1108 917 1221 946 Pretzsi
1229 918 1278 946 bo-

708 974 772 1000 νσε,
801 965 857 1004 qui
888 964 1008 1000 libere,
1040 962 1177 993 necdum
1202 965 1278 1005 jugo

705 1010 808 1047 juncti
820 1033 827 1046 ‚
838 1010 992 1040 errabant.
1005 1009 1171 1047 Hesiodus,
1183 1020 1278 1050 quem

707 1057 862 1095 respexit,
880 1068 908 1087 v,
925 1067 985 1096 797
1001 1051 1157 1090 εἰλίποδας
1176 1055 1277 1090 ἕλωωις

709 1100 832 1138 βῡῦςυ-
852 1100 995 1144 Πρηΰνειν
1009 1125 1016 1139 ‚
1038 1099 1088 1132 ἐπὶ
1110 1102 1200 1144 χεῖρα
1231 1098 1278 1131 δι-

709 1143 789 1181 δούς.
819 1148 946 1177 Addere
967 1147 1042 1178 licia
1066 1149 1156 1183 selec,
1176 1155 1222 1177 est
1238 1156 1279 1177 te-

708 1193 770 1222 lam
789 1193 906 1230 ordiri3
922 1201 957 1223 ut
981 1194 1057 1224 adeo
1081 1194 1140 1223 tela
1161 1196 1200 1223 sit
1213 1195 1277 1223 sive

708 1246 826 1268 stamen
846 1246 875 1267 et
894 1246 1009 1275 trama,
1035 1241 1099 1269 sive
1124 1241 1190 1280 ipsa
1213 1251 1277 1269 lna-

709 1285 800 1314 china
825 1286 974 1320 textoria,
994 1287 1046 1314 cui
1067 1286 1205 1326 illigatur
1229 1288 1278 1324 ju-

709 1341 795 1372 gum.
814 1348 860 1353 --
882 1333 1007 1360 Pressos
1043 1331 1152 1368 multi,
1177 1332 1277 1361 solen-

710 1377 744 1406 ni
776 1387 891 1406 errore.
918 1393 964 1399 ——-
982 1376 1064 1406 Telis
1091 1378 1216 1418 Menag.
1247 1385 1277 1407 et

708 1422 791 1452 Leid.
827 1433 874 1462 pr.
905 1433 922 1451 a
950 1433 1032 1452 man.
1063 1424 1275 1453 sea—286,

708 1470 820 1498 Nonas
835 1467 901 1497 dies
919 1469 1016 1497 servis
1034 1468 1175 1509 fugitivis
1193 1469 1275 1499 faus-

709 1522 768 1551 tus,
781 1514 900 1543 furtum
911 1514 1106 1544 tentantibus
1112 1515 1276 1545 infaustus.

707 1562 870 1600 Quorsum
893 1560 974 1590 hoc?
1005 1561 1130 1591 Scilicet
1163 1562 1280 1591 cautio-

708 1617 781 1636 nem
795 1613 881 1636 tanto
900 1608 1049 1645 majorem
1065 1606 1227 1636 adhibebit
1241 1617 1278 1636 eo

707 1651 758 1682 die
793 1652 924 1693 diligens
966 1653 1209 1694 paterfamilias,
1242 1660 1279 1682 ut

708 1706 818 1728 contra
855 1699 893 1728 de
921 1699 1012 1729 furtis
1044 1709 1156 1739 parum
1196 1698 1281 1728 solli-

708 1746 772 1774 cito
793 1756 857 1774 esse
880 1745 973 1783 licet;
994 1752 1041 1775 est
1060 1746 1145 1774 enim
1168 1746 1194 1774 is
1212 1744 1277 1773 dies

708 1791 833 1821 furibus
872 1801 985 1831 parum
1017 1791 1147 1821 faustus.
1179 1792 1278 1819 Furta

709 1836 826 1866 amoris
843 1845 973 1877 propter
994 1837 1156 1875 adjunctas
1174 1847 1279 1866 servo-

709 1894 782 1913 rum
804 1883 891 1923 fugas
912 1883 1064 1912 advocare
1084 1893 1150 1912 non
1165 1892 1277 1922 possu—

710 1940 797 1966 mus;
813 1935 849 1957 ut
867 1929 1051 1970 necfugam
1067 1928 1105 1958 de
1120 1928 1217 1959 exilio
1232 1929 1279 1958 in-

711 1975 848 2015 telligere
864 1985 938 2003 cum
955 1976 1082 2013 Servio,
1102 1985 1175 2004 cum
1195 1975 1231 2004 in
1244 1985 1278 2004 re

712 2022 831 2050 rustica
851 2031 1021 2052 versemur.
1050 2023 1155 2051 vanas
1183 2020 1279 2059 hujus

712 2068 833 2107 generis
844 2067 1054 2105 judicationes
1066 2067 1174 2108 plures
1191 2066 1278 2096 vide-

713 2113 813 2143 bisin
836 2115 992 2151 carmine,
1012 2115 1156 2147 Maximo
1179 2112 1277 2154 vulgo

715 2159 852 2197 tributo,
868 2159 907 2189 de
929 2159 1146 2191 Electionibus
1160 2170 1191 2190 v.
1211 2160 1276 2189 320

715 2216 777 2246 sq.;
815 2213 846 2236 et
876 2206 913 2236 de
946 2204 1072 2237 furibu’s
1104 2206 1166 2243 567
1208 2216 1252 2246 sq.
1265 2227 1274 2243 ,

1084 2267 1147 2305 16*
