1408 2428
607 64 728 93 LIBER
752 62 793 91 II.

1229 59 1290 94 ²37

105 123 234 160 Felicis
254 122 357 167 mali3
378 133 453 170 quo
470 132 545 156 non
563 121 782 168 praesentius
800 117 935 163 ullum,

104 182 241 219 Pocula
260 182 290 218 si
305 180 454 231 quando
471 191 578 217 saevae
598 179 761 216 infecere
776 189 966 222 novercae,

104 242 431 290 *Miscueruntque
450 239 587 276 herbas
604 248 642 276 et
660 251 735 275 non
750 238 906 275 innoxia
918 233 1076 280 verba,*

105 382 175 411 dam
197 382 335 412 dubitari
356 383 476 422 nequit.
498 381 600 423 Quam
618 393 671 412 au-

105 437 168 458 tem
192 429 336 458 familiam
360 430 453 458 Maro
476 430 669 469 respexerit,

105 486 172 505 non
188 476 259 504 satis
278 475 388 514 liquet.
409 475 565 505 Convenit
582 476 672 505 locus

106 522 240 550 maxime
261 531 335 550 cum
358 521 564 561 Theophrast.
588 522 669 551 Hist.

106 567 207 597 Plant.
221 568 281 605 IV,
300 573 338 605 4,
355 574 434 597 extr.
452 575 483 597 et
499 578 573 597 cum
588 568 669 598 Plin.

107 614 187 650 XII,
213 614 250 650 3,
281 624 319 651 73
351 613 492 654 adeoque
523 615 671 644 aurantiae

107 658 273 701 (orange)
310 670 408 701 genus
440 660 568 700 aliquod
599 670 672 700 poe-

109 712 148 735 tae
183 713 254 736 ante
286 706 396 735 oculos
427 706 521 735 fuisse
553 708 671 736 verosi-

109 753 182 781 mile
197 751 235 781 fit
249 762 257 782 :
276 764 306 782 v.
325 752 456 781 Bauhin.
474 753 554 782 Hist.
571 752 671 783 Plant.

111 804 132 826 t.
149 800 183 835 Ι,
200 809 231 838 p.
258 808 320 838 90,
340 809 394 838 92.
417 798 510 828 Plinii
533 808 600 827 aevo
619 798 673 827 ad-

109 843 193 880 huc,
222 851 430 884 praeterquam
461 843 544 884 apud
563 844 675 874 Medos

111 896 142 919 et
171 891 204 919 in
230 890 371 927 Perside,
385 900 540 930 nusquam
562 900 675 930 prove-

111 936 227 966 niebat.
265 936 419 966 Palladius
432 959 441 973 ,
471 937 526 976 qui
560 936 676 965 saeculo

112 983 159 1011 III
174 984 303 1012 ineunte
318 984 431 1012 vixisse
440 989 570 1022 putatur
578 1004 588 1017 ,
597 993 677 1022 prae-

112 1029 237 1069 cipuam
252 1028 317 1066 ejus
327 1029 427 1058 cultui
442 1039 550 1057 curam
564 1029 677 1068 inpen-

113 1074 193 1104 disse
210 1073 369 1111 creditum
387 1085 418 1104 V.
443 1085 515 1104 eum
540 1075 575 1104 in
593 1075 679 1103 Mar-

113 1121 159 1150 u'o
182 1123 230 1157 X,
256 1131 291 1150 11
319 1131 387 1161 sqq.
410 1127 493 1150 certe
517 1121 543 1149 is
565 1131 589 1150 s.
623 1121 680 1157 16,

117 1177 190 1196 cum
223 1173 311 1196 antea
349 1167 495 1196 universe
530 1165 569 1196 de
601 1167 682 1196 citro

117 1213 265 1250 dixisset,
284 1213 414 1252 ejusque
432 1213 538 1249 cultu,
556 1214 657 1253 pergit
673 1221 681 1242 ε

118 1259 241 1289 Asseric
274 1258 434 1289 Martialis
468 1257 682 1300 (Gargilius)

117 1306 206 1346 apud
218 1305 364 1344 Assyrios
371 1304 477 1345 pomis
492 1304 576 1334 hanc
591 1304 682 1334 arbo-

118 1362 184 1381 rem
199 1363 264 1382 non
279 1362 386 1382 carere
398 1369 444 1374 —-
455 1350 582 1390 adjectis
597 1361 687 1381 nunc

119 1399 174 1436 iis,
194 1409 264 1439 quae
294 1398 346 1427 alii
380 1398 419 1427 de
450 1398 533 1427 malo
559 1397 685 1427 Medica

119 1451 258 1475 narrant.
278 1444 317 1474 cf.
340 1445 433 1473 etiam
455 1443 598 1473 Macrob.
621 1445 682 1474 Sat.

121 1492 169 1528 ΙΙ,
192 1492 247 1528 15;
262 1490 320 1520 ubi
333 1501 374 1520 ex
387 1491 492 1530 Oppio
502 1490 536 1518 in
549 1489 632 1519 libro
647 1490 685 1519 de

121 1537 316 1566 silvestribus
344 1535 509 1566 arboribus
537 1544 545 1565 2
580 1535 686 1565 citrea

123 1583 198 1612 item
225 1583 328 1612 malus
346 1589 379 1612 et
405 1580 554 1616 Persica;
582 1581 686 1610 altera

118 1636 294 1670 generatur
306 1628 339 1658 in
350 1627 466 1665 Italia,
482 1634 514 1657 et
526 1627 559 1656 in
575 1627 686 1656 Media

122 1676 227 1704 altera.
252 1686 263 1704 :
295 1681 436 1714 tuncque
467 1673 594 1711 subjicit
623 1673 686 1702 fere

122 1721 238 1752 eadem.
252 1720 388 1751 Videtur
404 1727 508 1749 tamen
521 1726 605 1748 recte
618 1721 687 1749 Me-

123 1767 224 1797 dicam
244 1767 362 1796 malum
389 1776 406 1795 a
432 1766 554 1795 Persica
571 1765 688 1794 discer-

123 1824 198 1844 nere
214 1814 345 1843 Vossius
356 1835 365 1850 ,
389 1818 420 1841 et
436 1811 474 1840 ad
499 1812 571 1840 citri
593 1821 690 1852 genus

124 1859 270 1889 acidioris
301 1858 438 1894 referre,
462 1857 501 1886 de
525 1867 590 1897 quo
604 1857 690 1886 vide-

125 1905 207 1935 bnnt
236 1905 378 1934 botanici
391 1926 400 1940 ‚
432 1903 510 1932 locis
540 1913 557 1932 a
592 1903 692 1933 Cerda

126 1950 292 1981 cumulatis
314 1950 463 1989 inspectis
485 1956 517 1978 et
535 1950 690 1989 expensis.

127 1996 218 2027 Adde
228 1996 340 2041 fragm.
351 1995 525 2025 Herodiani
539 1994 598 2035 (ad
615 1995 690 2025 calc.

112 2034 321 2084 ,Phrynichffl
336 2053 368 2081 p.
384 2051 448 2071 212
463 2043 548 2084 μῆὶα
562 2037 690 2074 Μηδικὰ

126 2087 168 2120 τά
193 2090 242 2119 νῦν
270 2086 372 2130 κίτρα.
405 2088 464 2117 nbi
489 2099 520 2118 V.
548 2089 691 2118 Nunnes.

128 2138 175 2165 Ita
190 2135 294 2165 cristes
306 2133 412 2171 succi,
431 2141 488 2164 aut
504 2140 598 2163 erunt
612 2133 693 2162 acidi

130 2189 184 2212 aut
201 2182 297 2212 amari
312 2181 366 2222 (ut
385 2181 442 2211 Ge.
458 2182 491 2218 Ι,
512 2181 553 2219 75
569 2187 598 2210 et
613 2178 691 2219 aL),

724 383 789 412 sive
799 387 928 422 propter
938 379 1064 409 corticis
1074 388 1108 408 ac
1120 388 1293 419 granorum

724 427 984 463 amaritudinem,
1007 426 1072 455 sive
1096 434 1209 460 succo,
1239 425 1295 465 qni

725 475 814 504 cultu
837 473 986 513 deinceps
1006 471 1138 502 adsiduo
1158 472 1293 512 mitigari

725 522 830 561 coepit.
842 537 888 542 -
905 519 979 549 126.
999 518 1120 548 Tardus
1135 528 1247 557 sapor,
1261 517 1292 547 h.

723 567 780 597 diu
795 567 899 607 palato
913 566 1104 601 immanens,
1120 564 1195 604 quia
1212 574 1295 593 acer-

724 614 784 644 bus
794 636 802 650 ‚
812 623 955 654 pungens
965 618 1021 641 est.
1029 628 1074 634 —-
1084 610 1226 641 Ostendit
1236 617 1297 639 tar-

725 661 811 696 dum,
821 666 893 699 post
908 658 1003 688 tarda
1017 658 1179 698 superiore
1189 667 1294 686 versu.

725 706 815 736 Melit
834 707 982 735 Burman.
997 704 1109 733 durum
1131 713 1294 743 saporem,

726 759 756 782 et
767 761 892 791 asprum
902 749 1111 788 conjAVakeF.
1126 749 1164 778 ad
1172 751 1295 778 Lucret.

728 800 790 835 vl,
822 798 899 835 780.
933 813 979 818 —-
1006 797 1116 835 Inepte
1150 794 1297 825 Rciskius

729 844 926 883 Sardumque
951 852 1114 881 saporem,
1137 841 1193 881 qui
1213 840 1297 869 scili-

729 898 778 920 cet
793 889 950 919 contrahit
963 899 997 918 os
1012 889 1047 916 in
1059 885 1298 916 similitudinem

729 938 811 966 risus
842 934 996 965 Sardonii.
1021 951 1067 956 —
1100 943 1173 970 127.
1212 935 1299 962 Prae-

730 981 866 1012 stantius
899 980 1041 1020 Longob.
1074 979 1215 1010 Parrhas.
1247 978 1299 1009 ed.

731 1031 813 1058 Ven.
831 1034 864 1058 et
881 1026 1022 1057 Macrob.
1040 1028 1100 1057 Sat.
1120 1027 1167 1062 II,
1190 1025 1240 1055 15.
1255 1041 1301 1047 —·

733 1074 826 1105 Feli.c
843 1096 852 1111 ‚
884 1073 924 1103 de
956 1072 1068 1102 arbore
1103 1072 1130 1101 si
1166 1071 1300 1107 dicitur,

735 1120 773 1150 ad
818 1119 1043 1149 fecunditatem
1082 1118 1210 1159 proprie
1252 1127 1301 1146 re-

735 1167 837 1207 spicit.
863 1167 902 1196 Et
925 1175 998 1195 sane
1027 1166 1099 1194 citri
1122 1164 1203 1193 fetus
1229 1173 1301 1203 per-

735 1220 830 1253 petua
858 1212 1055 1241 successione
1086 1216 1302 1240 succrescunt.

735 1260 765 1289 N
768 1269 830 1288 unc
865 1265 970 1287 tamen
1008 1257 1046 1286 ad
1089 1256 1303 1286 salubritatem

735 1306 842 1345 potius
869 1304 1032 1344 epitheton
1057 1309 1195 1343 spectare
1221 1301 1307 1331 vide-

736 1358 804 1389 tur,
833 1358 870 1381 ut
896 1357 1006 1381 contra
1030 1349 1160 1384 infelix,
1187 1346 1306 1376 infaus-

739 1405 823 1434 tum,
833 1405 897 1435 est,
912 1396 999 1436 quod
1008 1401 1112 1425 nocet.
1124 1393 1308 1424 Pioveneni

739 1444 882 1473 antidoto
911 1443 1057 1471 habitum
1084 1450 1150 1469 esse
1173 1449 1307 1479 pomum

738 1489 901 1519 Medicum
915 1489 1008 1517 etiam
1018 1498 1059 1516 ex
1067 1485 1286 1526 Theophrasto
1298 1508 1306 1522 ‚

738 1535 943 1570 mosem—ide,
963 1534 1065 1564 Plinio
1088 1538 1226 1568 constat;
1248 1541 1308 1560 nec
1329 1542 1332 1545 ·

738 1581 818 1612 forte
833 1581 950 1619 injuria
970 1581 1004 1608 in
1024 1579 1115 1608 certis
1131 1578 1239 1607 saltem
1256 1588 1308 1607 ve-

738 1637 896 1657 nenorum
911 1626 1089 1667 generibus.
1099 1642 1146 1647 ——-
1159 1634 1172 1653 1
1180 1624 1234 1653 28.
1246 1624 1311 1653 Νο-

741 1671 848 1703 νενὲιε.
860 1672 994 1703 Solenne
1003 1671 1065 1700 hoc
1079 1670 1216 1710 antiquis
1226 1691 1235 1706 ‚
1251 1680 1309 1699 no-

741 1719 875 1749 vercalia
891 1718 979 1755 odia,
999 1716 1124 1746 fraudes
1134 1739 1143 1754 ,
1162 1714 1291 1745 insidias
1302 1738 1310 1752 ‚

742 1775 863 1795 venena
891 1773 1074 1794 memorare.
1102 1773 1132 1792 V.
1151 1773 1178 1792 c.
1199 1762 1310 1792 Horat.

744 1813 807 1847 III,
824 1817 883 1848 24,
905 1808 1071 1848 1830vid.
1087 1810 1166 1838 Met.
1183 1809 1218 1847 I,
1237 1814 1312 1845 147.

743 1857 850 1887 Multo
878 1864 984 1886 tamen
1013 1856 1108 1895 magis
1138 1855 1292 1884 Romanis
1303 1876 1311 1890 ‚

743 1914 839 1943 quam
871 1903 1000 1932 Graecis,
1023 1917 1070 1923 -—
1099 1909 1173 1939 129.
1195 1902 1313 1931 Versus

744 1951 879 1978 insertus
892 1960 933 1978 ex
948 1949 1062 1987 Georg.
1078 1947 1142 1982 ΙΙΙ,
1161 1947 1238 1984 283,
1255 1945 1314 1975 ubi

742 1996 805 2033 jam
824 1995 947 2024 dudum
963 1994 1146 2028 damnatus,
1169 2003 1258 2023 nunc
1283 1999 1314 2022 et

745 2042 862 2079 ejectus
877 2052 894 2070 a
903 2039 1064 2070 Brunckio
1078 2045 1110 2068 et
1124 2039 1160 2068 in
1173 2038 1223 2069 ed.
1240 2041 1312 2069 Par-

746 2089 855 2118 mensi.
878 2104 924 2109 —-
941 2086 1043 2115 Verba
1067 2096 1131 2114 ηοη
1155 2084 1312 2118 innoxia,

745 2133 777 2163 h.
796 2135 907 2169 noxia,
938 2133 1188 2169 incantationes3
1209 2138 1241 2162 et
1261 2141 1313 2161 eo-

746 2179 817 2209 dem
831 2190 924 2210 sensu
943 2177 1046 2209 herbae
1065 2188 1129 2207 non
1153 2176 1298 2208 innoxia>
1305 2199 1313 2213 ,
