1377 2428
552 61 673 92 LIBER
698 63 756 93 ΙΙΙ.

64 115 336 164 Hor-remisque
355 116 489 162 rubos,
510 125 547 153 et
567 119 723 155 amantis
741 118 859 156 ardua
877 118 1022 155 dumos.

1185 59 1249 98 339

1200 123 1248 147 315

64 175 187 222 Atque
202 173 292 224 ipsae
311 187 494 211 memores
514 175 672 212 redeunt
688 176 726 212 in
745 184 859 222 tecta,
879 188 1039 225 suosque

63 235 233 279 Ducunt,
251 244 287 271 et
303 234 458 284 gravido
478 246 656 283 superant
674 237 739 272 vix
754 236 872 272 ubere
893 236 1016 272 limen.

62 295 162 342 Ergo
182 295 283 332 omni
303 295 426 331 studio
446 295 601 344 glaciem
617 305 824 345 ventosque
844 296 996 341 nivalis,

63 354 149 397 Quo
169 352 291 388 minor
310 362 364 389 est
382 353 452 389 illis
470 367 568 390 curae
586 354 752 390 mortalis
773 363 915 403 egestas
927 383 936 400 ‚

62 413 237 458 Avertes;
257 412 473 461 victumque
490 413 584 449 feres
605 422 642 449 et
660 413 789 462 virgea
806 413 910 449 laetus

1200 421 1247 444 320

62 470 221 517 Pabula,
240 485 308 508 nec
325 481 402 508 tota
418 472 566 508 claudes
583 472 721 508 foenilia
741 472 887 508 bruma.

113 534 162 567 At
178 544 287 576 vero,
306 533 487 582 Zephyris
507 546 623 581 quum
639 533 722 568 laeta
741 531 963 568 vocantibus
983 541 1089 568 aestas

61 594 104 628 In
122 592 234 629 saltus
253 600 454 642 utrumque
474 605 625 642 gregem
644 602 755 642 atque
774 593 813 628 in
833 605 970 641 pascua
986 592 1109 628 mittet
1128 607 1138 638 3

60 750 238 777 Pascuntur
260 757 314 776 seu
343 746 553 786 depascuntur
577 746 628 776 sil-

58 804 130 827 vas,
148 801 184 822 nt
204 793 277 822 ah'bi
292 800 395 832 prata,
419 793 530 822 herbas
541 815 549 829 ‚
566 792 624 834 (cf.

59 839 96 868 ad
128 840 217 881 143)
243 840 300 868 etsi
327 846 357 868 et
383 840 479 879 accipi
505 846 624 878 potest,

58 896 115 925 per
129 886 221 915 silvas
233 897 240 922 3
254 896 296 915 se.
315 895 419 924 caprae
433 896 449 913 e
464 896 493 914 v.
512 886 576 914 300
593 892 625 914 et

60 932 125 961 316
155 931 240 971 ipsa.
257 933 339 961 Mox
364 930 446 959 rubis
470 931 563 960 nobis
589 932 623 960 la

57 988 162 1008 ronce.
189 995 236 1000 —
258 977 334 1006 316.
354 979 470 1016 Sponte
490 977 625 1006 redeunt

55 1034 189 1063 suosque
210 1024 345 1058 ducunt,
367 1022 405 1052 de
421 1022 536 1051 fetibus
550 1034 622 1053 cum

56 1070 165 1099 Servio
180 1070 307 1108 accipio,
325 1079 406 1108 quos
419 1076 529 1097 matres
544 1070 623 1098 edu-

56 1121 132 1144 cunt
159 1125 194 1144 ac
221 1115 387 1144 reducunt.
409 1116 509 1144 —Eo
528 1117 623 1156 magis

54 1160 171 1201 frigus,
197 1161 287 1198 cujus
318 1161 623 1200 impatientissimum

55 1213 101 1236 est
114 1207 174 1236 hoc
183 1218 287 1246 pecus,
296 1207 333 1235 ab
350 1217 387 1236 eo
403 1217 505 1235 arcere
519 1208 621 1245 stude,

54 1259 85 1282 et
100 1252 180 1282 hanc
190 1254 218 1281 ei
233 1263 359 1292 operam
376 1252 522 1292 impende
536 1260 622 1284 tanto

54 1299 163 1338 magis,
179 1309 244 1338 quo
262 1300 365 1328 minus
386 1298 467 1328 illud
492 1300 526 1328 in
544 1307 623 1330 cete-

54 1345 96 1373 ris
126 1345 274 1374 omuibus
293 1345 387 1374 rebus
410 1355 484 1373 eura
510 1345 621 1376 huma-

54 1401 95 1419 ua
110 1390 231 1429 indiget
242 1400 250 1427 ς
261 1398 306 1420 est
319 1397 439 1431 egestas
449 1389 499 1430 (h.
512 1392 621 1433 egent)

53 1447 136 1465 curce
155 1436 305 1466 mortalis.
325 1438 454 1475 -319.
481 1438 549 1476 Quo
564 1438 622 1467 mi—

54 1493 114 1511 nor
147 1482 380 1521 antiquissimus
418 1489 449 1511 et
483 1484 622 1522 optiinus

53 1529 186 1568 quisque
213 1530 306 1558 Rom.
328 1527 443 1558 Medic.
463 1535 493 1557 et
510 1529 572 1564 alii,
592 1536 623 1559 et

51 1574 96 1603 sie
116 1584 189 1603 cum
209 1576 295 1604 Serv.
317 1584 351 1603 ac
369 1573 501 1615 Philarg.
524 1576 623 1613 major

51 1629 122 1659 pars
140 1619 296 1649 librorum
309 1621 416 1650 Heius.
436 1626 466 1649 et
480 1621 620 1658 Martini,

51 1667 144 1695 etiam
164 1666 261 1696 Goth.
281 1673 413 1705 uterque
439 1677 511 1695 cum
535 1668 619 1705 Erf.;

52 1711 132 1741 adde
156 1712 229 1742 edit.
255 1713 377 1753 Egnatii
401 1719 432 1741 et
455 1712 526 1742 alias
539 1724 619 1743 non-

51 1757 153 1787 nullas
173 1759 383 1798 antiquiore53
400 1759 511 1788 eodem
525 1770 618 1789 sensu

52 1813 86 1832 ac
109 1804 271 1844 vulgatum
290 1806 358 1844 Quo
379 1804 482 1834 minus
496 1816 506 1834 :
523 1807 620 1845 poeti-

51 1859 85 1879 ca
103 1851 223 1879 ratione
245 1850 430 1880 adverbium
454 1852 488 1880 in
506 1851 622 1891 epithe-

52 1901 109 1925 ton
122 1903 175 1924 aut
195 1895 382 1933 adjectivum
404 1898 518 1926 mutari
540 1908 620 1936 quo-

51 1942 108 1971 ties
116 1942 180 1978 jam
193 1941 344 1972 vidimus!
354 1960 400 1965 —
411 1943 486 1972 320.
498 1943 545 1973 Cf.
557 1944 622 1974 Cal-

35 1998 145 2027 ‚purn.
168 1989 218 2024 V,
248 1988 291 2026 95
318 1999 384 2028 sqq.
416 1999 530 2018 110—
545 1990 619 2021 115,

51 2034 157 2062 Laetus
176 2033 256 2063 refer
271 2034 310 2063 ad
323 2034 465 2064 studium
477 2057 485 2071 ‚
502 2036 528 2064 si
550 2038 620 2075 quis

50 2078 123 2109 facit
145 2086 267 2120 promte
277 2102 286 2116 ‚
310 2080 467 2111 lubenter.
484 2098 531 2104 ——-
542 2083 581 2112 32
591 2093 618 2113 1.

51 2126 90 2154 Et
102 2125 263 2155 interdum
279 2127 369 2156 etiam
380 2138 436 2167 per
449 2127 618 2159 hibernum

52 2177 176 2212 tempus
190 2173 311 2202 foenum
323 2174 361 2202 iis
376 2184 507 2214 appone.

728 748 804 776 322.
819 746 1010 787 Legebatur:
1027 746 1073 775 At
1085 755 1164 775 vero
1183 747 1246 775 Ze-

673 791 783 832 phyris
804 803 872 821 cum
895 792 970 821 laeca
986 791 1173 821 vocantibus
1189 801 1247 821 ιω-

678 846 726 868 tas
743 850 754 867 .·
772 840 811 867 In
827 839 926 867 saltus
941 845 1103 878 utrumqne
1117 848 1246 878 gregem

678 892 774 924 atque
796 884 828 913 in
846 894 968 923 pascua
987 883 1098 914 mittes.
1115 885 1161 912 Ita
1170 894 1246 912 vero

677 930 754 960 dura
792 938 857 960 erat
884 929 1056 959 verborum
1086 930 1244 968 junctura,

675 987 748 1006 cum
769 976 979 1016 supplendum
1003 982 1082 1004 esset
1106 985 1114 1006 :
1141 978 1243 1016 Quum

674 1023 752 1052 laeta
777 1030 890 1058 aestas,
909 1023 974 1052 scil.
1005 1022 1073 1052 erit.
1105 1022 1245 1052 Obvium

675 1076 780 1099 tamen
803 1076 859 1105 est,
873 1069 939 1098 duo
957 1079 1065 1098 versus
1080 1069 1157 1105 322,
1177 1068 1241 1097 323

675 1125 739 1145 esse
756 1115 913 1154 protasin3
930 1121 959 1143 et
981 1114 1085 1143 mittet
1101 1121 1131 1143 et
1149 1114 1245 1143 lenio-

675 1171 742 1190 rem
765 1167 795 1191 et
822 1162 1042 1201 elegantiorem
1069 1161 1243 1190 orationem

675 1206 817 1244 efficere3
834 1215 927 1236 testas
946 1206 1057 1241 mittit,
1083 1216 1144 1245 qua
1168 1206 1244 1235 inci-

674 1253 780 1293 piente
806 1254 985 1282 mittuntur.
1002 1254 1040 1282 Et
1075 1253 1119 1280 sic
1143 1252 1245 1281 Medi-

673 1309 747 1328 ceus
769 1310 783 1328 a
802 1310 850 1338 pr.
864 1310 905 1329 m.
918 1306 948 1328 et
966 1299 1040 1328 libri
1058 1297 1143 1338 apud
1160 1299 1244 1327 Ursi-

673 1354 751 1374 num
765 1344 881 1374 habere
896 1351 1119 1374 memorantur.
1142 1344 1245 1373 Ceteri

673 1401 793 1426 omnes,
811 1392 902 1421 etiam
923 1391 1032 1429 fragm.
1050 1390 1149 1419 Vatic.
1170 1399 1243 1418 cum

673 1437 775 1473 editis,
791 1436 903 1471 mittes,
922 1446 1024 1476 prono
1037 1435 1125 1474 lapsu
1137 1434 1244 1464 mittas

674 1484 783 1512 Franc.
795 1482 1031 1521 obtemperavit
1041 1482 1103 1518 jam
1114 1491 1242 1511 monen—

675 1529 700 1556 ti
725 1527 862 1557 Brunck.
881 1530 1010 1557 —Iiaee
1033 1527 1160 1567 quidem
1185 1538 1243 1568 per

673 1573 809 1604 hiemem
828 1584 836 1610 ;
861 1584 946 1603 nunc
961 1592 1007 1596 —-
1019 1574 1083 1609 384
1112 1583 1240 1614 gregum

672 1629 747 1649 cura
763 1631 819 1660 per
840 1621 982 1649 aestivum
998 1627 1137 1660 tempus;
1152 1620 1242 1649 locus

674 1673 803 1696 ornatus
829 1665 1035 1707 digressione,
1052 1667 1154 1706 primo
1176 1667 1242 1705 339

671 1711 710 1741 de
725 1712 920 1743 Nomadibus
935 1713 1043 1753 Libyae
1064 1719 1094 1741 et
1117 1713 1181 1751 349
1204 1712 1242 1741 de

672 1760 762 1788 terris
778 1758 968 1789 borealibus.
994 1759 1087 1789 Refer
1105 1758 1143 1787 ad
1163 1758 1240 1798 295,

676 1806 752 1844 296.
786 1807 900 1834 AEstate
945 1806 1049 1845 itaque
1089 1804 1241 1834 redeunte

674 1862 748 1881 oves
779 1858 810 1880 et
835 1862 934 1891 caprae
956 1852 991 1879 in
1023 1861 1139 1890 pascua
1164 1850 1241 1880 edu—

672 1905 798 1927 cuntur.
824 1898 915 1928 Conf.
945 1896 1095 1936 Calpurn.
1128 1897 1242 1937 Ecloga

673 1944 898 1983 elegantissima
915 1946 955 1980 V,
983 1944 1077 1972 16—
1089 1943 1128 1972 23
1140 1965 1149 1980 ‚
1165 1942 1241 1973 uhi:

673 1993 720 2019 At
731 2000 826 2030 quum
837 1990 936 2031 longa
949 1989 1016 2019 dies
1029 1988 1170 2018 sitientes
1183 1989 1240 2018 ad-

663 2036 753 2077 seret
769 2043 880 2071 aestas,
900 2037 968 2065 Nec
984 2034 1244 2075 fiteritvariante

673 2082 732 2111 deo
760 2081 910 2112 mntabIIe
934 2082 1045 2111 coelum
1060 2092 1072 2111 :
1088 2084 1163 2111 Jam
1191 2081 1242 2111 sil-

673 2128 715 2157 vis
734 2128 894 2158 committe
921 2139 1052 2169 greges;
1069 2127 1142 2169 jam
1171 2128 1241 2158 Ion-

668 2174 742 2216 gius
769 2174 881 2204 herbas
910 2176 1023 2215 Quoere
1037 2186 1050 2212 ,·
1078 2175 1136 2206 sed
1165 2182 1241 2206 aute
