1377 2428
541 88 663 118 LIBER
687 89 746 118 III.
788 119 791 123 ,
1177 97 1240 127 313

49 128 247 188 Spadices,
269 141 485 191 glaucique3
506 144 611 180 color
631 146 857 183 deterrimus
878 147 990 194 albis,

47 199 93 234 Et
112 198 224 247 gilv0.
246 202 362 246 Tum,
383 201 413 237 si
433 215 509 251 qua
528 217 661 240 sonum
682 206 817 254 procul
838 219 938 245 arma
958 208 1113 257 dedere,

52 260 160 294 Stare
176 259 260 296 loco
279 261 396 298 nescit
404 277 413 308 ;
432 262 544 300 micat
564 263 739 311 auribus,
761 275 797 302 et
818 267 943 303 tremit
962 278 1065 307 artus
1073 286 1084 318 3

49 317 330 367 Collectiunque
349 320 511 358 fremens
531 323 650 360 volvit
669 323 740 360 sub
757 325 913 363 naribus
935 326 1071 376 ignem.
1210 342 1242 366 85

52 446 94 475 ris
127 458 292 479 numeroso
325 459 466 491 pectore.
505 453 619 483 Pallad.

45 500 158 531 pectas
190 494 254 525 late
283 505 408 536 petens.
450 499 624 528 Luscuriari

50 549 126 568 vero
145 550 185 569 ex
203 552 291 571 more
316 542 354 572 de
379 544 552 573 laetioribus
573 546 621 574 iu-

50 587 226 616 crementis.

99 632 152 661 82.
178 634 266 662 Inter
291 635 442 674 pulchros
468 646 622 676 equorum

52 676 173 706 colores
207 679 300 709 refert
342 682 502 721 spadicem
529 683 622 723 glau-

50 734 193 763 cumque.
213 727 411 766 Quamquam
425 728 463 757 de
479 729 622 758 colorum

51 769 135 809 apud
166 777 286 800 veteres
307 774 490 803 nominibus
510 774 623 804 diffici-

49 814 87 844 lis
109 822 154 844 est
170 815 352 856 disputatio,
371 830 410 849 ex
429 820 501 849 ioco
518 828 622 850 tamen

49 860 178 890 classico
195 862 291 892 Gellii
306 866 337 893 ΙΙ
349 887 356 901 ,
376 867 415 895 23
433 866 522 906 (post
535 867 620 895 viro-

48 917 120 935 rum
135 907 305 938 doctorum
323 910 551 951 disputationes
570 912 621 941 hic

47 959 79 981 et
106 953 144 982 ad
170 954 257 984 Grat.
290 956 409 996 Cyneg.
428 959 504 987 532.
526 958 619 988 Salm.

47 999 158 1029 Exere.
179 999 259 1030 Plin.
278 1011 349 1042 pag.
366 1003 455 1045 835)
478 1004 551 1033 satis
567 1014 620 1044 ap-

45 1052 151 1083 paret,
170 1055 235 1075 esse
265 1047 422 1087 spadicem
434 1073 441 1085 ‚
460 1060 475 1079 a
494 1050 619 1089 spadice

44 1090 148 1129 palma
175 1091 312 1130 dictum,
334 1105 375 1124 ex
398 1096 468 1125 rufo
493 1107 616 1136 genere,

44 1143 75 1164 et
94 1139 266 1168 convenire
293 1149 365 1169 cum
396 1149 506 1171 nostro
526 1142 616 1173 fusco

45 1182 162 1220 colore,
183 1194 200 1212 a
224 1192 366 1215 castanea
384 1188 541 1227 appellato
557 1197 565 1218 :
581 1191 616 1220 iu

43 1230 134 1268 equis
158 1230 246 1260 color
272 1231 398 1268 badius,
430 1234 498 1271 bai,
529 1234 612 1266 baio.

42 1274 86 1314 (a
111 1272 199 1313 βαῒς,
227 1274 332 1315 βαΐον,
355 1290 460 1309 ramus
483 1280 614 1322 pahnae)

42 1321 130 1350 IVam
149 1321 354 1360 Phoem‘ceus,
374 1336 467 1365 quem
484 1333 516 1354 m
529 1338 613 1367 grae·

41 1376 77 1395 ce
96 1364 219 1407 φοίνικα
235 1369 356 1406 dixisti,
376 1371 448 1412 (ap.
463 1373 609 1404 Hom.II.

41 1409 81 1451 ψ,
116 1413 204 1455 454)
223 1421 256 1444 et
283 1416 394 1446 rutilus
423 1425 453 1446 et
479 1419 608 1457 spadix,

42 1457 223 1502 συνώνυμος,
241 1461 416 1502 quz'sactus
425 1474 532 1504 graece
541 1476 613 1494 nos-

40 1511 88 1533 ter
114 1514 174 1542 est,
196 1507 440 1538 exuberantiam
466 1511 613 1550 splendo-

39 1560 167 1591 remque
182 1552 366 1595 51'gnficant
378 1555 497 1585 ruboris
509 1567 521 1585 :
537 1568 613 1597 qaa-

41 1596 86 1625 Ies
102 1606 177 1628 sunt
192 1598 320 1639 fluctus
337 1601 462 1641 palmae
480 1602 610 1642 arboris,

40 1652 105 1672 non
119 1644 291 1674 admodum
305 1647 371 1676 sole
385 1647 511 1682 incocti,
525 1650 611 1680 unde

38 1689 164 1728 spadici
180 1699 212 1721 et
227 1691 397 1731 phoeniceo
415 1705 532 1724 nomen
552 1704 606 1726 est.

37 1735 178 1774 Spadica
221 1737 306 1767 enim
345 1739 459 1769 Dorici
487 1750 612 1772 vocant

36 1781 177 1812 avulsum
195 1793 213 1811 e
222 1784 339 1822 palma
358 1786 515 1816 termitem
537 1799 608 1818 cum

25 1824 148 1865 fluctu.
171 1828 256 1859 Add.
278 1831 463 1862 Schneideri
483 1833 609 1864 doctam

36 1879 143 1902 notam
171 1874 209 1903 ad
242 1875 427 1908 Palladium.
461 1889 493 1918 p.
532 1881 606 1911 135.

36 1919 106 1948 Jam
132 1919 268 1959 glaucus
291 1923 325 1951 in
351 1931 496 1954 nostrum
518 1926 604 1966 gris,

35 1964 123 2004 quod
136 1967 282 2005 proxime
300 1967 339 1997 ad
360 1970 531 2000 caeruleum
557 1983 607 2001 ac—

34 2009 136 2049 cedit,
151 2011 310 2050 incidere,
333 2025 373 2043 ex
392 2015 448 2053 iis,
473 2027 546 2056 quae
567 2019 607 2048 ab

31 2055 139 2097 I‘ntpp.
152 2080 160 2094 ,
179 2058 324 2098 inprimis
347 2062 488 2092 Martino
499 2085 507 2099 ‚
525 2064 607 2095 dicta

29 2109 122 2139 sunt,
149 2112 288 2143 apparet.
318 2107 436 2138 Album
459 2109 598 2140 colorem

28 2147 81 2178 hic
106 2149 271 2189 pallidum,
286 2158 317 2181 et
335 2163 353 2181 a
371 2154 531 2191 candido,
549 2157 598 2186 ni-

29 2200 124 2230 tente,
143 2205 238 2235 quem
253 2199 319 2238 ipse
341 2199 415 2230 alibi
438 2211 597 2233 commen-

185 2262 214 2296 Ι.

676 455 746 493 dat,
771 454 863 496 (AEn.
892 459 974 495 XII,
998 459 1058 499 84)
1084 461 1244 494 diversum

674 512 793 541 ponere
814 503 938 541 potuit,
956 507 1012 533 etsi
1033 506 1107 536 alias
1120 516 1245 539 utrum-

675 558 737 586 que
755 558 872 577 nomen
892 552 1074 588 promiscue
1098 553 1247 586 adhibere

675 593 791 631 solea13
820 595 908 633 quod
942 597 1100 628 Martinus
1131 600 1245 632 docere

674 639 811 669 volebat.
836 642 942 670 Potest
955 649 1060 674 tamen
1076 652 1108 675 et
1128 647 1181 676 illa
1200 659 1247 677 ra-

676 686 720 714 tio
738 685 878 724 probari,
895 694 931 716 ut
955 690 1079 719 candor
1100 693 1134 721 in
1157 696 1246 733 equis

676 731 803 770 quidem
821 732 887 761 aliis
905 733 1026 765 laudari
1039 740 1180 776 potuerit
1191 762 1199 776 ‚
1216 748 1247 769 at

674 777 710 805 in
728 777 805 814 aliis,
823 780 905 808 utin
919 779 1111 820 admissario,
1128 784 1166 814 de
1182 796 1248 825 quo

674 821 727 851 hic
763 825 885 864 agitur,
914 827 1098 866 improbari.
1135 831 1243 860 Gilvus

675 868 800 898 tandem
813 870 914 900 flavus
929 872 1017 901 color
1037 875 1063 902 is
1082 885 1146 904 esse
1162 876 1248 906 vide-

675 920 738 952 tur,
756 917 810 954 qui
820 916 857 944 ad
871 917 972 946 mellis
986 919 1125 949 colorem
1137 925 1246 961 proxi-

675 970 724 989 me
743 962 881 992 accedat.
900 973 929 992 v.
948 964 1076 995 Salmas.
1093 967 1131 996 ad
1145 968 1244 998 Solin.

673 1015 744 1045 pag.
776 1008 849 1037 181.
876 1009 937 1037 Pro
970 1011 1115 1042 cineritio
1135 1013 1246 1045 haberi

672 1052 767 1081 video
802 1053 841 1082 ab
872 1056 1055 1085 auctoribus
1090 1060 1244 1091 Picturar.

672 1098 843 1130 Herculan.
856 1106 931 1130 tom.
948 1102 973 1137 I,
990 1113 1022 1141 p.
1043 1104 1207 1140 131‚N*0ta
1225 1118 1242 1135 2

671 1150 701 1172 et
730 1145 803 1175 138.
819 1146 867 1175 De
897 1146 1057 1178 coloribus
1087 1161 1244 1190 equorum

670 1192 802 1220 omnino
827 1203 856 1221 v.
886 1193 1031 1224 Boi—hart.
1058 1197 1184 1226 Hieroz.
1200 1199 1242 1234 Π,

671 1246 701 1273 7,
716 1238 925 1277 inprimisque
944 1239 983 1268 de
1011 1240 1098 1279 albo,
1115 1253 1147 1282 p.
1178 1251 1241 1279 104

669 1293 727 1321 sq„
740 1283 778 1312 de
792 1284 889 1324 gilio,
899 1296 930 1324 p.
953 1296 1026 1325 109.

716 1329 873 1360 83—85.
896 1332 1004 1370 Equus
1030 1334 1190 1364 animosus
1211 1344 1242 1365 et

666 1375 829 1415 pugnandi
840 1376 950 1406 ardore
967 1378 1114 1408 incensus
1129 1390 1136 1408 .“
1150 1381 1241 1411 locus

669 1430 685 1448 a
703 1421 811 1450 multis
830 1429 995 1460 tractatus,
1010 1426 1166 1455 nonnulla
1176 1428 1241 1456 col·-

666 1465 742 1506 legit
761 1467 880 1506 Cerda3
903 1468 975 1499 add.
999 1472 1113 1500 Statius
1137 1472 1237 1503 Theb.

667 1513 732 1549 VI,
754 1514 818 1553 389
849 1525 894 1554 sq.
916 1517 1014 1552 VIII,
1043 1517 1107 1546 382
1141 1528 1186 1558 sq.
1208 1527 1239 1549 et

666 1559 770 1597 primo
807 1560 880 1589 Ioco
921 1561 1060 1603 AEschyl.
1091 1564 1156 1593 VII
1199 1566 1239 1594 acl

665 1604 766 1635 Theb.
789 1607 853 1646 394
873 1617 918 1647 sq.
943 1607 1006 1644 jam
1040 1618 1239 1649 comparatus

666 1661 738 1679 cum
760 1653 894 1682 Marone
919 1663 935 1681 a
959 1654 1118 1685 Schutzio.
1136 1657 1241 1686 Micca

664 1697 791 1726 auribus
802 1721 810 1735 ,
829 1700 862 1728 in
882 1698 985 1728 soluta
999 1702 1141 1731 oratione
1152 1725 1160 1738 ‚
1181 1713 1237 1731 au-

664 1753 712 1771 res
734 1745 853 1774 micant
879 1746 913 1773 in
942 1747 1064 1785 capite,
1095 1748 1239 1777 celeriter

662 1797 832 1819 moventur
849 1814 856 1827 ‚
895 1792 1089 1831 arriguntur.
1124 1793 1238 1834 Agiles

663 1845 756 1864 aures
786 1838 964 1867 Nemesim.
997 1838 1117 1879 Cyneg.
1158 1841 1234 1875 245.

662 1882 701 1910 Et
718 1892 794 1921 pro,
810 1884 915 1911 tremit
941 1883 1074 1912 artubus
1086 1907 1093 1920 ‚
1111 1895 1165 1914 seu
1189 1896 1236 1915 ar-

662 1933 712 1955 tus
730 1934 888 1963 tremunt,
907 1929 1004 1969 magis
1026 1931 1150 1969 poetice
1170 1931 1236 1960 dje-

661 1979 729 2002 tuni
747 1995 755 2009 ,
778 1974 883 2003 tremit
906 1983 1002 2004 artus.
1018 1992 1062 1997 ——
1079 1977 1131 2006 85.
1159 1980 1236 2006 Pre-

662 2029 751 2048 mens
767 2021 876 2050 Senec.
893 2031 942 2060 ep.
964 2022 1018 2060 95.
1035 2022 1140 2061 quod,
1157 2030 1237 2053 noto

660 2072 826 2104 poetarum
852 2076 958 2103 more,
982 2069 1145 2097 notionem
1172 2070 1237 2109 pri—

652 2112 781 2140 mariam
800 2111 944 2149 roborat3
963 2113 1230 2153 volvz'cpremen-

652 2157 692 2186 do
714 2157 768 2186 sub
791 2158 934 2195 naribus,
950 2166 986 2188 ut
1010 2170 1083 2189 cum
1099 2161 1222 2201 impetu

654 2205 802 2243 exspiret.
822 2206 1018 2245 Reposuerat
1031 2207 1093 2244 jam
1103 2206 1230 2238 Wakef.

1015 2284 1060 2318 27
