1408 2428
606 92 775 122 ECLOGA.
800 94 859 123 ΙΠζ
1281 106 1316 134 tiz

131 154 232 201 Ipse,
248 151 316 188 ubi
337 162 482 200 tempus
499 149 588 195 erit,
605 150 724 186 omnis
742 150 780 186 in
798 152 898 188 fonte
915 152 1059 190 lavabo.

627 223 831 246 MENALCAS.

130 271 261 319 Cogite
277 270 374 315 ovis,
392 269 501 319 pueri
511 284 521 315 3
539 269 569 306 si
585 269 641 304 lac
657 270 880 319 praeceperit
897 279 1006 308 aestus
1017 299 1027 316 ,

129 332 181 367 Ut
198 343 337 380 nuper,
354 330 491 365 frustra
506 327 760 379 pressabimus
776 328 894 365 ubera
911 331 1054 379 palmis.

626 402 828 425 DAMOETAS.

128 451 229 494 Heri,
244 448 336 494 heu,
347 461 460 498 quam
475 448 605 498 pingui
615 461 740 484 macer
750 457 805 484 est
815 448 908 484 mihi
923 457 1053 485 taurus
1070 450 1108 485 in
1119 464 1220 489 ervo.
1274 473 1317 486 ,οὗ

128 507 232 544 Idem
249 521 355 545 amor
373 509 530 545 exitium
546 508 692 557 pecori,
709 507 931 558 pecorisque
950 509 1139 558 magistro.

619 581 823 605 MENALCAS.

125 627 193 663 His
209 637 310 664 certe
324 640 446 676 neque
464 640 569 664 amor
585 641 715 664 caussa
732 637 787 664 est
804 641 811 662 :
829 627 894 663 vix
910 627 1056 665 ossibus
1073 630 1226 668 haerent.

125 686 260 722 Nescio
276 686 377 735 quis,
393 695 541 724 teneros
557 687 687 723 oculus
703 685 796 722 mihi
812 686 967 723 fascinat
984 700 1108 737 agnos.

620 758 822 780 DAMOETAS.

124 802 211 849 Dic,
230 802 368 852 quibus
385 803 424 838 in
439 803 567 847 terris,
584 811 620 838 et
636 802 709 838 eris
726 803 818 838 mihi
834 815 990 851 magnus
1004 805 1159 853 Apollo,

122 863 205 899 Tris
220 871 344 912 pateat
359 861 442 898 coeli
457 861 620 911 spatium
635 874 711 898 non
726 862 883 911 amplius
900 862 1016 899 ulnas.

120 1002 230 1031 Horat.
241 1001 272 1030 H
281 1023 289 1037 ‚
304 1002 401 1031 Serm.
415 1006 445 1037 4,
459 1011 475 1029 2
485 1009 497 1029 1
512 999 635 1041 :fungis
644 1017 689 1022 —-

120 1046 194 1076 aliis
214 1047 300 1077 male
325 1047 470 1076 creditur.
492 1046 690 1076 Adumbrata

120 1099 223 1123 autem
232 1093 299 1123 haec
307 1104 348 1123 ex
355 1093 489 1123 Theocr.
500 1095 540 1130 V,
557 1102 568 1121 1
576 1103 618 1122 oo
629 1099 688 1122 etc.

165 1140 219 1179 96.
228 1149 282 1179 97.
291 1139 504 1169 Ex'l'heocrit.
513 1141 553 1176 V,
568 1149 580 1168 1
590 1139 690 1174 46.—

119 1184 172 1224 98.
185 1185 363 1225 Perceperit
369 1188 450 1216 Ven.
462 1191 491 1214 et
501 1185 688 1215 Parrhas—

119 1231 227 1261 AEstas
236 1234 328 1262 Rom.
337 1242 410 1261 cum
421 1232 486 1261 aliis
494 1233 573 1270 Pjer.
580 1232 689 1272 Cogite

119 1277 157 1307 ad
172 1277 316 1307 umbram
331 1284 362 1307 et
374 1278 472 1318 frigus
486 1277 686 1317 captandum.

118 1323 269 1364 Praecipit
276 1324 328 1354 lac
340 1332 432 1358 cestus
447 1325 562 1353 siccato
578 1324 686 1354 ubere.

167 1380 243 1400 100.
270 1371 367 1410 Vng.
391 1369 484 1405 eheu,
505 1369 592 1408 quod
607 1369 687 1399 forte

117 1425 183 1444 non
196 1415 440 1445 immutandum.
451 1425 591 1454 moxque
599 1426 683 1450 arvo,

117 1460 204 1500 quod
212 1462 377 1491 Manutius
382 1461 538 1489 invexisse
545 1460 685 1489 videtur:

117 1516 190 1536 nam
209 1506 281 1536 Ald.
306 1513 391 1536 recte
414 1516 494 1535 εινο.
511 1523 556 1528 —
570 1507 685 1535 Ervum

115 1553 282 1593 leguminis
291 1574 299 1588 ,
310 1558 487 1582 nostratum
497 1561 554 1587 ers,
570 1562 669 1591 genus
677 1574 686 1589 ,

117 1598 224 1628 bubus
236 1599 300 1636 jam
321 1599 397 1628 olim
411 1604 536 1638 pastum
561 1597 628 1626 dari
641 1608 687 1627 so-

115 1644 224 1682 litum,
249 1651 286 1674 ut
301 1655 341 1674 ex
358 1643 551 1680 Columella,
578 1644 625 1680 II,
647 1654 659 1672 1
670 1654 683 1672 1

116 1690 233 1720 docent
253 1692 358 1731 Intpp.
373 1692 492 1720 Versus
518 1699 684 1729 expressus

116 1747 156 1766 ex
182 1737 316 1767 Theocr.
344 1738 400 1773 IV,
426 1745 480 1772 20,
501 1741 538 1764 ut
562 1745 622 1764 102
643 1746 683 1765 ex

115 1784 172 1820 IV,
194 1783 244 1813 15.

165 1839 238 1858 101.
256 1830 339 1858 Ante
354 1829 462 1857 Burm.
483 1835 530 1857 est
548 1833 618 1857 ante
628 1838 684 1867 pe-

115 1873 197 1910 cori}
214 1875 248 1904 in
266 1873 358 1904 codd.
379 1874 474 1904 Pierii
491 1880 523 1903 et
548 1874 683 1903 aliorum

115 1919 210 1950 modo
236 1927 309 1960 post
328 1919 453 1960 pecori,
488 1919 584 1950 modo
611 1925 683 1959 post

117 1966 278 2007 magistro.

165 2022 239 2041 102.
257 2011 388 2051 Elegans
414 2012 537 2042 Heinsii
563 2017 593 2041 et
618 2011 682 2049 jam

114 2057 263 2098 Stephani
278 2058 458 2095 conjectura
471 2064 516 2087 est
530 2066 538 2087 ε
551 2056 586 2086 1ιί
600 2063 682 2086 certe

116 2103 129 2145 (
145 2115 246 2144 neque
267 2114 360 2133 amor
379 2113 491 2132 caussa
517 2110 564 2133 est
582 2101 595 2143 )
619 2102 681 2132 via:

115 2150 232 2180 ossibus
245 2149 381 2186 haerent;
393 2160 523 2190 eamque
537 2159 680 2190 recepere

118 2196 274 2238 Cuningh.
292 2204 322 2226 et
336 2195 473 2226 Brunck.

793 1001 866 1030 103.
900 1000 1007 1030 Oculis
1020 1002 1140 1031 Marius
1156 1005 1310 1036 Victorin.

742 1048 804 1078 Pro
829 1056 931 1087 agnos
959 1046 1053 1077 habet
1079 1047 1187 1079 lzaedos
1215 1052 1311 1081 Goth.

742 1102 836 1132 prim.

793 1144 854 1173 104
865 1160 873 1174 ‚
891 1138 920 1168 5.
941 1139 1130 1179 Simpliciter
1141 1142 1311 1184 intelligam

741 1184 911 1222 cujuslibet
925 1185 987 1215 loci
1002 1193 1151 1225 puteum,
1166 1189 1200 1217 in
1217 1199 1310 1228 quem

741 1241 814 1260 cum
821 1231 891 1270 quis
897 1230 1102 1268 descenderit,
1113 1239 1234 1264 tantum
1243 1237 1312 1265 coeli

740 1277 892 1317 prospicit
909 1278 1062 1317 spatium,
1079 1286 1233 1317 quantum
1251 1291 1308 1320 pn-

740 1330 809 1352 teus
832 1329 932 1361 patet,
957 1323 989 1352 h.
1013 1334 1040 1353 e.
1065 1325 1154 1363 putei
1176 1325 1309 1356 latitudo

739 1368 925 1408 permiserit.
952 1370 990 1398 In
1012 1369 1126 1398 talibus
1150 1371 1310 1401 Gramma-

740 1415 813 1450 tici‚
844 1412 999 1453 (quorum
1021 1416 1162 1454 pericula
1184 1418 1219 1446 in
1247 1419 1309 1448 sol-

739 1459 842 1490 vendo
870 1461 1031 1501 aenigmate
1059 1461 1146 1491 dabit
1165 1464 1309 1498 Servius,

740 1516 814 1535 cuin
837 1506 1048 1547 Philargyrio,
1066 1506 1123 1538 ubi
1144 1515 1237 1546 sunt,
1254 1512 1308 1550 qui

740 1552 778 1581 ad
792 1562 841 1589 ea,
853 1563 939 1592 quae‚
955 1554 1013 1582 etsi
1029 1564 1097 1583 non
1113 1554 1204 1584 valde
1221 1556 1306 1597 inge-

739 1599 827 1628 niosa
836 1620 844 1635 ‚
857 1609 898 1628 ex
906 1599 975 1638 ipso
985 1599 1119 1641 Virgilio
1130 1601 1235 1631 audita
1243 1601 1309 1632 fue-

739 1651 824 1680 rant,
845 1651 1042 1684 provocant:
1061 1646 1118 1675 alia
1138 1649 1306 1686 Burman.)

736 1700 863 1719 crucem
870 1690 929 1719 sibi
940 1688 1034 1720 fixam
1045 1702 1110 1721 esse
1119 1700 1230 1732 putare
1239 1703 1305 1723 non

735 1735 901 1766 debebant.
911 1738 1073 1776 Proposita
1083 1748 1185 1777 nuper
1200 1738 1239 1767 ab
1256 1739 1305 1768 ab·

736 1782 807 1811 bate
821 1782 951 1811 Divotio
966 1785 1060 1821 ratio,
1075 1789 1112 1812 ut
1126 1782 1165 1812 ad
1176 1784 1306 1814 Panthei

735 1827 860 1858 tholum
881 1827 1048 1866 referatur,
1068 1834 1099 1859 et
1115 1829 1154 1858 ab
1174 1833 1305 1869 pastoris

733 1875 876 1915 ingenio,
899 1880 931 1903 et
949 1874 987 1903 ab
1005 1885 1043 1904 eo
1058 1882 1216 1915 tempore,
1240 1887 1305 1916 quo

733 1920 825 1960 plura
840 1919 934 1956 hujus
952 1920 1038 1950 modi
1052 1920 1161 1951 formae
1174 1921 1305 1953 aedificia

735 1968 844 1995 Romae
863 1966 1065 2005 visebantur,
1088 1966 1182 2009 plane
1206 1968 1305 1999 alien-1

734 2017 789 2041 est.
800 2010 873 2040 Alio
888 2021 988 2051 eoque
1002 2015 1097 2055 magis
1109 2021 1230 2054 arguto,
1247 2025 1304 2044 nec

734 2063 838 2086 tamen
850 2049 947 2098 magis
961 2069 1046 2097 vero,
1061 2060 1135 2090 lusu
1142 2062 1241 2100 possit
1255 2061 1307 2090 alifi

733 2104 804 2143 quis
828 2103 893 2132 huc
923 2114 1074 2137 arcessere
1099 2113 1243 2149 cryptam
1267 2107 1302 2137 ad

734 2149 977 2190 Pausilypumin
985 2152 1163 2194 Campania,
1175 2154 1304 2194 ejusque

733 2196 905 2237 ingressum
924 2205 1060 2230 veterem
1083 2209 1091 2231 :
1116 2200 1203 2241 quod
1232 2200 1309 2229 fecit

1128 2262 1168 2300 4*
