1408 2428
575 81 742 112 ECLOGA
768 84 823 112 Ix.

1232 90 1292 116 113

616 152 787 176 chnns.

108 202 217 236 Certe
233 198 407 248 equidem
427 197 636 244 audieram,
655 212 729 248 qna
746 214 784 235 se
802 200 1012 238 subducere
1031 203 1141 239 colles

108 260 296 309 Incipiunt
306 260 508 308 ,mollique
519 259 652 308 jugum
669 260 865 297 demittere
879 262 983 298 <clivo
993 291 1002 307 ‚

108 323 237 370 Usque
254 319 300 356 ad
315 332 469 368 aquam,
486 327 523 355 et
538 329 703 365 veteres,
715 321 792 370 jam
809 321 926 358 fracta
943 325 1135 361 cacumina
1147 353 1156 370 ,
1174 325 1275 375 fagos
1287 355 1296 371 ‚

109 382 245 418 Omnia
259 380 487 417 carminibus
502 388 669 417 vestrum
685 394 852 419 servasse
871 384 1077 421 Menalcan.
1269 405 1295 418 ,ο

637 455 781 479 momus.

106 501 307 546 Audieras,
324 509 359 538 et
378 502 475 538 fama
492 501 579 547 fuit;
597 501 661 538 sed
678 503 843 539 carmina
865 511 1011 540 tantum

105 565 243 599 Nostra
257 562 399 606 valent,
418 561 577 610 Lycida,
596 562 668 598 tela
685 562 783 598 inter
799 564 955 608 Martia,
977 573 1158 613 quantum

106 622 290 658 Chaonias
305 621 451 666 dicunt,
468 621 593 669 aquila
610 621 801 666 veniente,
819 621 1026 660 columbas.

108 680 221 726 Quod
238 681 309 716 nisi
328 694 386 716 me
403 693 638 729 quacumque
656 694 770 718 novas
788 680 956 718 incidere
974 682 1049 719 litis

106 742 202 774 Ante
219 740 366 776 sinistra
383 752 473 776 cava
492 740 694 776 monuisset
712 740 758 776 ab
775 739 858 776 ilice
876 740 1023 785 cornix,

108 799 185 834 Nec
202 806 287 835 tuus
304 799 365 834 hic
381 799 530 843 Moeris,
546 812 614 834 nec
629 799 773 834 viveret
793 799 872 847 ipse
892 799 1090 835 Menalcas.

615 870 785 893 LYCIDAS.

108 917 211 951 Heu!
228 915 326 951 cadit
342 915 380 950 in
405 928 631 964 quemquam
651 924 795 952 tantum
814 916 955 952 scelus?
973 919 1075 962 Heu,
1099 925 1162 953 tua
1186 916 1294 953 nobis

107 977 212 1011 Paene
227 974 336 1011 simul
354 983 476 1011 tecum
492 976 623 1011 solatia
639 984 763 1025 rapta,
782 975 969 1012 Menalca!

104 1134 187 1163 haedi
209 1145 250 1164 ex
272 1144 347 1174 agro
369 1136 404 1164 in
423 1135 537 1164 urbem
558 1145 671 1175 appor-

106 1180 194 1209 tandi
207 1187 290 1210 sunt.

154 1237 182 1263 7.
203 1228 303 1256 Situm
324 1227 391 1266 agri
405 1227 573 1265 Virgiliani
594 1233 671 1266 puta

106 1272 198 1301 fuisse
207 1272 318 1309 hunc,
339 1278 375 1300 ut
394 1271 447 1301 ille
467 1272 542 1301 inde
566 1283 583 1301 a
606 1273 671 1301 col-

103 1318 180 1347 lium
205 1319 288 1348 clivo
319 1328 417 1357 usque
445 1318 485 1347 ad
514 1319 672 1348 Mincium

104 1362 239 1400 flumen,
261 1370 292 1393 et
314 1366 401 1403 fagos
423 1364 469 1392 ibi
498 1370 576 1392 satas
600 1374 671 1403 per-

104 1410 247 1448 tingeret.
265 1410 348 1439 conf.
364 1409 470 1449 Eclog.
488 1411 502 1437 Ι
513 1432 521 1446 ,
541 1410 579 1438 52
602 1416 669 1439 not.

103 1455 270 1484 subducere
282 1466 314 1484 se
328 1455 422 1484 colles
438 1455 598 1491 dicuntur,
613 1456 669 1494 qui

103 1511 143 1529 ex
162 1500 225 1530 alto
249 1502 284 1530 in
306 1501 435 1540 planum
453 1500 666 1536 deducuntur,

103 1546 298 1582 decrescunt,
311 1547 350 1576 cf.
362 1548 466 1576 Burm.
477 1557 485 1583 ;
500 1546 596 1575 iidem
607 1547 669 1575 col-

102 1592 145 1621 les
160 1591 331 1622 demittunt
339 1591 453 1632 jugum
473 1592 564 1620 molli
575 1592 664 1627 clivo,

103 1649 174 1667 cum
201 1638 330 1668 dorsum
353 1638 441 1666 collis
459 1638 595 1667 molliter
616 1638 669 1667 de-

102 1684 182 1713 clive
203 1685 306 1714 leuem
330 1683 370 1713 ad
394 1683 556 1724 planitiem
578 1690 609 1713 et
632 1684 665 1714 fl.

101 1731 257 1760 Mincium
298 1730 482 1759 descensum
517 1730 664 1770 praebeat.

102 1777 206 1817 Fagos
224 1777 337 1806 fractas
350 1783 426 1816 puta
442 1787 497 1805 seu
513 1777 546 1806 vi.
559 1776 667 1806 hostili

101 1823 230 1859 excisas,
244 1833 298 1851 seu
307 1822 446 1862 procella
455 1830 486 1852 et
495 1829 664 1860 vetustate3

102 1867 188 1908 quod
208 1875 341 1908 praestat.
371 1870 410 1897 In
430 1870 535 1908 priore
554 1879 666 1909 agnos-

103 1924 153 1942 cas
167 1915 373 1943 imitationem
388 1915 536 1944 Dirarum
550 1914 668 1944 Valerii

102 1959 208 1996 Probi,
221 1959 262 1988 26
275 1968 283 1989 ;
298 1961 341 1988 Tu
351 1970 476 1995 nemus,
494 1960 665 1989 ecmulcum

103 2005 215 2034 nostris
228 2012 360 2034 cantata
384 2005 513 2041 libellis,
536 2005 665 2044 Optima

101 2051 248 2081 silvarum
262 2067 309 2083 —‚-
324 2052 398 2080 Non
404 2050 527 2092 fundes
544 2050 665 2080 virides

100 2097 227 2126 umbras
247 2115 294 2120 ——
325 2097 438 2126 Militis
467 2096 567 2136 impia
595 2107 664 2126 cum

101 2143 242 2172 succidet
254 2143 387 2173 dextera
397 2142 498 2184 ferro.
513 2160 559 2166 ——-
575 2153 605 2182 9.
623 2144 667 2172 Ec

46 2188 55 2195 '
102 2189 389 2231 veteres....fizgos.
410 2191 517 2219 Lectio
536 2189 603 2218 haec
625 2189 663 2218 ab

724 1137 832 1166 Heius.
859 1146 876 1165 e
899 1136 1015 1165 Medic.
1043 1136 1190 1176 probata,
1219 1144 1249 1166 et
1278 1148 1293 1166 a

724 1183 830 1211 Burm.
857 1189 888 1211 et
911 1181 1049 1211 Brunck.
1073 1183 1208 1221 reposita
1233 1191 1289 1212 est.

726 1228 829 1256 Ceteri
848 1237 956 1257 omnes
970 1227 1087 1256 veteris
1097 1227 1171 1267 jam
1177 1228 1288 1269 fracta

725 1273 893 1301 cacumina
902 1272 989 1313 fizgi.
1007 1290 1054 1296 -—
1076 1283 1125 1302 10.
1142 1275 1290 1302 ,Nostrum

726 1318 822 1347 Goth.
841 1329 902 1348 sec.
919 1325 1055 1357 quatuor
1069 1319 1178 1349 Burm.

776 1364 826 1393 13.
852 1364 974 1403 Aquila
991 1364 1154 1400 veniente,
1168 1366 1291 1394 irruen-

725 1415 774 1445 te,
790 1408 898 1439 hostili
920 1416 950 1438 et
975 1409 1088 1439 infesto
1113 1411 1228 1440 animo.
1251 1412 1290 1440 cf.

720 1455 892 1485 Burmann.
912 1456 950 1484 In
969 1456 1073 1485 am'mo
1090 1455 1203 1484 habuit
1216 1466 1291 1495 poe-

721 1507 750 1529 ta
760 1502 884 1530 Lucret.
900 1501 964 1537 111,
982 1502 1043 1538 751
1061 1510 1069 1531 :
1086 1508 1292 1541 tremeretque

714 1557 777 1586 per
783 1557 878 1575 auras
888 1546 982 1575 Aeris
992 1546 1290 1587 acczPiserfizgiens,

720 1592 872 1621 ‘veniente
890 1593 1044 1622 columba.
1069 1592 1222 1622 Chaotziae
1238 1604 1289 1623 ve·

720 1648 756 1667 ro
776 1638 929 1668 columbae
944 1639 1079 1668 sollenni
1098 1639 1253 1679 epitheto,
1274 1650 1289 1668 a

719 1684 884 1714 Dodonaeo
897 1685 971 1714 luco
986 1692 1017 1714 et
1032 1685 1161 1714 oraculo
1174 1695 1231 1724 per
1240 1695 1291 1714 co-

719 1730 843 1759 lumbas
856 1742 879 1760 s.
894 1731 1073 1771 palumbes,
1098 1729 1193 1759 edito.
1216 1731 1291 1759 Erat

720 1784 824 1806 autem
839 1776 973 1806 Dodona
991 1777 1068 1805 urbs
1083 1776 1171 1815 Epiri
1186 1782 1291 1805 vetus-

719 1823 845 1852 tissimis
860 1822 1056 1862 temporibus
1074 1832 1090 1850 a
1105 1821 1289 1853 Chaonjbus

718 1867 866 1898 habitata.
889 1868 972 1897 conf.
993 1867 1104 1898 Strabo
1119 1868 1182 1896 VII
1193 1890 1201 1904 ‚
1217 1866 1291 1908 pags

722 1915 786 1953 498
805 1916 840 1944 C.
855 1931 902 1936 -—-
921 1919 960 1949 14
979 1929 1024 1937 —--
1045 1913 1176 1951 1‡7.Nisi
1191 1923 1288 1953 augu-

720 1962 768 1989 rio
781 1961 920 1989 monitus
930 1959 1074 1996 fuissem,
1090 1964 1126 1988 ut
1139 1969 1287 1999 quacum-

718 2016 778 2045 que
803 2006 852 2034 via
878 2015 912 2034 ac
936 2005 1076 2042 ratione,
1090 2005 1192 2046 jurgia
1209 2015 1283 2034 cum

719 2052 873 2080 veteranis
887 2052 922 2081 iu
937 2061 1026 2092 agros
1043 2051 1188 2080 immissis
1203 2061 1283 2091 prae-

719 2097 875 2134 ciderem;
891 2098 1001 2138 capitis
1016 2097 1199 2138 periculum
1221 2107 1285 2126 ana

719 2154 791 2173 cum
810 2143 886 2173 hero
903 2144 1043 2173 Menalca
1054 2167 1061 2180 ‚
1076 2143 1228 2173 adiissem.

769 2190 816 2218 (S.
846 2191 986 2225 Solacia,
1011 2191 1148 2227 carmina
1169 2197 1273 2228 erepta
