1408 2428
571 102 692 130 LIBER
718 102 741 129 I.

1201 101 1257 128 151

76 162 184 199 Unde
200 160 369 197 homiues
386 158 482 203 nati,
499 157 638 193 durum
655 170 782 206 genus.
800 158 900 206 Ergo
921 168 1007 205 age,
1024 165 1132 192 terrae

74 223 213 271 Pingue
233 221 354 257 solum
375 217 506 268 primis
528 217 717 266 extemplo
736 230 756 253 a
773 216 963 253 mensibus
978 216 1065 252 anni

75 285 204 318 Fortes
220 281 407 316 invertant
425 277 542 322 tauri,
559 276 762 327 glebasque
775 277 935 326 jacentis
1235 284 1266 307 (55

75 340 338 379 Pulverulenta
356 347 493 387 coquat
512 337 668 374 maturis
690 336 830 374 solibus
847 344 965 373 aestas.

79 405 144 444 At,
163 400 192 436 si
214 411 289 435 non
309 397 422 434 fuerit
440 398 548 434 tellus
570 396 750 442 fecunda,
768 396 837 433 sub
858 396 983 445 ipsum

81 463 282 495 Arcturum
303 457 405 493 tenui
425 466 481 493 sat
501 456 573 492 erit
596 455 825 504 suspendere
846 455 950 490 sulco
970 468 977 488 :

80 517 180 561 Illic,
197 516 363 552 officiant
378 515 471 552 laetis
489 529 535 551 ne
555 514 728 564 frugibus
746 514 898 559 herhae;

82 576 171 621 Hic,
191 575 353 612 sterilem
370 575 526 623 exiguus
548 587 596 610 ne
618 574 764 610 deserat
786 572 924 608 humor
946 583 1107 608 arenam.

138 636 299 672 Alternis
320 634 419 670 idem
441 643 565 671 tonsas
588 647 732 670 0055310
749 632 910 677 novalis,

85 786 231 825 exemplo
242 793 322 821 utar,
336 792 370 814 uc
380 785 485 814 statim
496 784 553 813 lzoc
563 795 646 813 com-

86 842 265 862 memorem.
275 832 373 871 Atqui
381 830 448 859 haec
458 831 563 859 01111113
573 831 647 859 alie-

88 889 127 907 113
145 879 184 907 al)
203 878 234 907 h.
259 877 280 907 l.
305 877 428 906 Etenim
448 875 647 905 concludun-

89 931 140 953 tur
160 924 339 964 superiora3
358 929 388 951 et
408 929 463 958 est,
477 921 563 961 quod
578 932 647 950 sen-

91 971 194 998 1011ῑί3)
219 969 354 999 docent:
370 969 474 997 statim
498 978 515 996 a
546 978 650 997 rerum

91 1016 191 1045 initio.
209 1016 275 1045 Nec
293 1015 396 1043 miuus
412 1014 513 1043 aliena
529 1021 574 1043 est
598 1014 651 1043 illa

92 1061 363 1091 observatiuucula
380 1060 419 1089 ab
435 1060 502 1089 aliis
518 1060 607 1095 locis,
618 1067 653 1089 ut

93 1108 150 1137 Ge.
182 1109 210 1141 Ι,
235 1107 313 1147 169,
331 1106 411 1142 3563
429 1107 493 1143 III,
516 1107 574 1144 753
597 1108 652 1142 IV,

95 1153 171 1188 254.
186 1153 313 1192 Ubique
330 1152 453 1181 videbis
471 1163 552 1187 esse,
567 1154 655 1192 prin—

96 1199 189 1239 cipio.
202 1200 238 1228 In
251 1199 317 1228 aliis
326 1198 402 1228 locis
416 1206 461 1228 est
470 1221 477 1234 ,
488 1199 656 1239 extemplo⁷

96 1245 276 1281 confestim3
295 1246 438 1284 συνεχῶς.
466 1245 533 1274 Has
560 1245 655 1285 leges,

98 1297 133 1319 ut
147 1292 260 1330 cuique
277 1298 366 1320 terrae
378 1301 471 1319 suum
481 1291 641 1330 ingenium
651 1312 659 1325 ‚

97 1346 153 1365 sua
168 1338 246 1366 ratio
265 1336 402 1373 colendi,
417 1337 467 1372 sit,
484 1347 533 1365 eas
548 1343 660 1364 natura

98 1382 248 1422 imposuit
265 1384 368 1412 statim
393 1389 479 1417 tum,
504 1392 578 1410 011111
596 1382 661 1420 pri-

100 1438 187 1456 mum
203 1427 400 1468 etc.foede1·a
418 1428 450 1457 h.
466 1428 488 1456 l.
504 1426 661 1456 conditio-

101 1483 166 1508 1105,
178 1473 271 1512 leges,
288 1480 323 1502 nt
341 1475 410 1503 AEn.
423 1474 448 1501 Ῑ.
465 1473 508 1502 66
524 1479 554 1501 et
569 1473 608 1501 31.

149 1519 203 1548 63.
223 1520 309 1559 Ergo
329 1529 406 1558 age,
423 1526 443 1548 t.
465 1519 545 1548 refer
563 1518 601 1547 ad
618 1530 663 1548 vs.

106 1565 158 1600 413.
180 1566 259 1593 Vere
275 1575 364 1595 novo.
385 1566 489 1594 Primo
511 1575 583 1594 vere
602 1575 666 1594 esse

104 1610 257 1639 arandum
278 1612 330 1640 ait.
354 1611 418 1640 vid.
446 1611 525 1640 Plin.
545 1612 666 1647 XVIII,

72 1669 84 1720 g
107 1656 182 1686 265.
199 1656 254 1692 65,
268 1667 304 1693 23
321 1657 445 1687 Colum.
462 1658 504 1693 ΙΙ,
518 1663 547 1692 4.
568 1658 671 1685 Terrze

77 1722 82 1737 1
105 1701 216 1738 solum,
232 1703 289 1745 γῆς
307 1699 414 1733 πέδον.
429 1720 475 1725 ——
490 1703 544 1732 65.
565 1704 673 1731 Inver-

107 1755 178 1777 eanc
198 1749 353 1789 scriptura
375 1760 391 1779 e
408 1749 537 1779 Medic..
553 1751 673 1778 Verum

107 1794 133 1822 si
146 1793 215 1829 hic,
232 1805 288 1824 cur
305 1806 373 1825 non
386 1795 526 1835 ubique?
541 1801 572 1824 et
589 1796 615 1824 si
635 1806 676 1824 ex

109 1839 176 1869 solo
202 1841 324 1870 aurium
347 1841 486 1879 judicio,
517 1842 587 1881 qu'ffi
613 1841 675 1870 11οο

110 1885 171 1914 sibi
185 1893 324 1926 arroget,
337 1888 372 1917 in
383 1887 489 1928 lingua
501 1909 509 1923 ‚
524 1888 612 1924 cujus
627 1898 676 1916 so-

111 1941 168 1960 nos
187 1941 222 1959 ac
241 1942 388 1962 numeros
405 1944 464 1963 nos
479 1933 571 1962 nobis
584 1931 677 1972 fingi-

113 1987 198 2012 mus,
216 1975 302 2006 haud
316 1978 480 2008 callemus!
494 1995 541 2001 —-
552 1978 679 2018 [Libra-

115 2023 234 2051 riorum
239 2021 355 2063 fraudi
368 2024 480 2053 tribuit
491 2023 680 2058 Bruuekius,

114 2067 203 2108 quod
226 2075 316 2098 vetus
331 2069 398 2099 haec
417 2070 517 2099 forma
538 2080 605 2099 non
627 2079 683 2099 sae-

116 2115 188 2154 pius
202 2123 250 2154 ap.
266 2116 435 2157 Virgilium
453 2114 626 2155 occurrat.]
639 2132 684 2138 --

119 2160 174 2190 66.
199 2161 333 2191 Maturis
350 2162 483 2198 solibus,
506 2162 607 2192 calore
631 2171 685 2191 305-

121 2206 201 2236 tatis.
233 2207 288 2236 Sol
305 2216 444 2238 macnrns
462 2208 577 2238 adultae
601 2214 687 2237 aesta—

702 785 750 819 tis,
764 793 828 822 quo
842 789 1057 812 maturescunt
1074 782 1190 821 fruges.
1216 782 1274 811 Co—

701 837 780 869 quac
795 828 937 868 adeoque
960 828 1134 863 raresaciat,
1154 834 1189 856 ut
1204 828 1274 856 sali-

702 876 761 904 bus
791 885 831 903 ex
863 885 923 903 aere
954 874 1146 903 imbibeudis
1173 873 1275 903 50111111

702 921 854 950 idoneum
870 922 922 950 sit.
942 921 998 950 Ge.
1020 921 1137 959 11.259
1159 928 1274 949 terram

705 967 802 996 multo
815 974 891 996 ante
908 974 1065 995 memento
1075 967 1273 1006 Esrcoquere.

704 1014 760 1043 ubi
783 1024 813 1043 v.
835 1019 902 1043 not.
926 1031 971 1035 —
985 1011 1276 1053 fllacurisfiugibus

708 1061 787 1090 Pier.
811 1071 827 1089 e
845 1062 938 1090 Rom.

756 1106 810 1143 67.
829 1105 864 1134 Sc'
873 1116 938 1134 non
945 1104 1049 1145 ficert't
1061 1104 1276 1145 tellusfecun-

709 1152 770 1186 da,
787 1151 819 1181 h.
839 1152 864 1180 si
886 1152 1006 1187 tenuis,
1025 1152 1051 1180 si
1069 1151 1191 1191 gracilis
1208 1160 1214 1180 ε
1231 1151 1278 1179 iu-

711 1204 899 1237 terpretatur
915 1198 1023 1226 10011111
1048 1197 1202 1226 Columel.
1229 1197 1279 1227 ΙΙ,

715 1250 732 1279 4
753 1251 833 1272 extr.
852 1243 890 1272 (10
910 1244 976 1283 ipsa
995 1254 1028 1271 re
1045 1244 1107 1283 agit
1126 1242 1278 1272 Dickson.

715 1296 736 1318 t.
752 1291 829 1329 I‚p.
852 1289 934 1324 4803
963 1295 994 1317 et
1020 1288 1059 1317 de
1083 1298 1143 1317 vss.
1169 1289 1210 1317 63
1235 1298 1281 1326 sq.

714 1334 796 1364 idem
815 1345 846 1374 p.
867 1335 931 1372 469
950 1345 995 1373 sq.
1011 1334 1072 1362 Sub
1085 1333 1185 1373 ipsum
1204 1336 1281 1362 Λιϊ-

715 1388 815 1410 turum
827 1392 838 1413 ;
856 1380 979 1409 Colum.
995 1381 1053 1414 XI,
1075 1390 1091 1408 2
1106 1401 1113 1415 ‚
1131 1380 1173 1409 63
1196 1380 1281 1408 Non.

718 1426 872 1465 Septemb.
894 1427 1044 1454 Arcturus
1069 1425 1227 1460 exeritum
1246 1425 1284 1454 de

717 1473 873 1501 matutino
906 1479 1017 1502 exortu
1050 1472 1099 1511 agi
1132 1479 1207 1511 puta
1226 1480 1232 1500 :
1255 1482 1284 1500 v.

719 1518 798 1548 Plin.
822 1519 868 1552 II,
891 1524 950 1554 47;
970 1518 1097 1554 XVIII,
1121 1518 1157 1546 31
1186 1529 1209 1546 s.
1233 1523 1285 1554 τά.

721 1564 769 1594 Cf.
787 1565 880 1593 Mart.
902 1563 939 1592 ad
957 1563 990 1592 h.
1011 1563 1051 1598 1.,
1081 1570 1111 1592 et
1135 1563 1224 1593 Pfaff.
1247 1563 1286 1591 de

723 1612 791 1640 Ort.
801 1617 831 1639 et
843 1612 952 1639 occas.
967 1609 1024 1639 sid.
1039 1620 1070 1649 p.
1088 1610 1140 1638 51.
1157 1611 1289 1649 Suspen-

724 1656 808 1691 (Ιει-ε,
826 1656 936 1685 leviter
952 1655 1166 1695 proscindere,
1186 1666 1289 1684 vome-

726 1714 758 1731 re
769 1712 836 1731 non
849 1702 908 1732 alte
927 1701 1144 1736 descendente,
1159 1711 1291 1740 suspen-

727 1760 760 1778 so
770 1771 777 1785 ,
791 1749 894 1777 levato
905 1771 913 1785 ,
929 1755 1094 1777 aratro.—
1115 1748 1168 1777 68.
1180 1746 1291 1786 Splen-

728 1795 853 1823 (Iescere
873 1794 958 1823 sulco
973 1794 1070 1824 Goth.
1081 1804 1141 1822 sec.
1154 1793 1232 1821 male
1246 1803 1293 1821 1-0-

727 1842 864 1881 petitum
885 1851 901 1869 e
916 1850 996 1869 vers,
1016 1840 1069 1876 46,
1080 1839 1296 1879 splendescere

729 1897 852 1916 vomer.
875 1903 921 1908 —-
935 1886 988 1925 69.
1018 1885 1111 1919 Illic,
1131 1885 1164 1913 in
1186 1885 1297 1924 pingui

731 1933 809 1961 solo.
827 1934 855 1962 N
858 1943 907 1960 3111
920 1930 1062 1960 Humida
1079 1929 1215 1970 majores
1230 1928 1298 1958 lter-

733 1978 789 2006 bas
803 1977 862 2006 alic
878 1988 889 2005 .·
905 1978 1019 2017 Georg.
1038 1978 1079 2011 II,
1098 1976 1174 2005 251.

789 2033 828 2060 71
853 2040 899 2046 —-
922 2023 996 2062 159.
1029 2024 1201 2053 Recreatm·
1232 2032 1303 2062 ager

736 2076 768 2099 et
796 2069 877 2098 vires
910 2069 1006 2098 sumit
1038 2068 1132 2098 variis
1150 2067 1252 2097 modjs
1273 2074 1302 2096 et

736 2115 904 2145 hominum
933 2114 1044 2144 studiis
1075 2121 1107 2143 et
1131 2115 1235 2154 primo
1254 2114 1301 2153 ip-

740 2172 772 2190 sa
794 2162 965 2191 cessatione
1000 2161 1113 2190 cultus.
1144 2160 1234 2189 Idem
1269 2166 1300 2187 en

743 2207 876 2237 alternis
903 2207 1029 2236 vicibus
1055 2206 1180 2247 patiere
1205 2215 1306 2235 cessa-
