1408 2428
545 90 715 121 ECLOGA
739 93 793 121 VI.
1223 91 1264 119 85

75 147 205 184 Audiit
220 149 397 193 Eurotas,
409 147 595 197 jussitque
611 147 776 185 ediscere
792 149 935 195 lauros,

74 207 141 243 Ille
157 207 272 255 canit;
288 208 404 257 pulsae
420 207 588 244 referunt
603 208 651 244 ad
666 209 789 245 sidera
803 210 916 246 valles
935 224 942 244 :

73 268 216 316 Cogere
233 267 352 305 donec
369 280 457 304 oves
474 267 629 305 stabulis
636 297 646 314 ,
663 281 937 318 numerumque
957 269 1098 305 referre
1232 276 1263 300 85

72 329 92 362 J
96 328 206 372 ussit,
224 336 261 364 et
275 328 395 364 invito
411 328 593 376 processit
608 331 752 378 Vesper
775 330 949 378 Olympo.

119 451 171 480 83.
199 452 345 482 Edissere
362 453 500 483 Parthas.
520 454 640 483 edicere

71 497 191 526 Pierius
201 497 347 536 exhibet3
363 506 393 528 et
404 499 510 528 laudat
524 510 564 529 ex
577 506 638 529 vet.

69 552 184 572 ramos.
208 546 328 573 Laurus
354 544 470 574 Medic.
498 552 529 574 et
557 548 628 575 Ven

69 589 200 619 Heinsii.
212 607 257 613 -—
266 592 394 620 Amavit
409 591 638 632 Hyacinthum,

68 635 181 669 OEbali
195 634 297 665 filium
308 660 316 671 ‚
332 639 528 676 Spartanum,
549 636 639 667 Phoe-

68 679 139 711 bus¹
150 682 214 713 vid.
229 682 323 712 Ovid.
334 684 411 712 Met.
422 686 463 721 X,
480 684 540 712 162
549 694 615 723 sqq.
629 695 637 721 3

69 725 106 754 ad
125 729 251 757 Eurotce
266 729 381 768 itaque,
407 731 463 769 qui
476 731 638 759 Laconicae

70 770 100 800 fl.
118 780 181 809 est,
203 776 285 813 ripas
311 785 392 814 saepe
418 776 486 815 lyra
502 777 635 812 cecinitt,

69 828 139 856 quae
160 819 213 849 ille
231 822 402 856 cecinerat,
424 831 511 850 nunc
524 822 637 860 repetit

69 864 202 894 Silenus.
223 865 401 895 Meditance
423 877 452 895 v.
468 866 506 895 ad
524 867 589 896 Ecl.
606 868 631 901 Ι,

75 919 100 937 1.
122 911 226 940 Pnlsae
238 922 280 940 sc.
303 911 455 945 vocibus,
473 914 576 947 sonis,
600 919 635 941 ut

69 964 256 986 resonarent.

742 453 794 482 85.
821 452 944 493 Referri
961 453 1099 492 optimus
1128 454 1262 492 quisque

695 509 766 527 cum
786 498 901 528 Medic.
920 509 936 528 a
954 509 1037 528 man.
1060 508 1120 527 sec.
1146 500 1262 538 Regius

693 546 785 574 etiam
815 555 1008 585 numeroque
1034 543 1152 584 referri.
1181 546 1261 574 Sunt

693 597 797 620 tamen
816 597 934 620 veteres
963 590 1173 631 grammatici,
1206 592 1260 629 qui

693 637 841 674 alterum,
857 636 988 677 referre,
1002 635 1141 665 laudant.
1153 653 1198 658 -—
1214 636 1260 665 Si·-

691 683 782 712 lenus
810 693 910 723 usque
941 682 979 712 ad
1007 689 1133 711 noctem
1166 682 1258 710 canit.

691 729 750 759 Sed
778 738 872 767 quam
900 729 1022 768 poetice
1046 728 1108 757 hoc
1133 737 1259 767 expres-

690 775 774 803 sum!
794 776 967 803 themm
983 772 1114 814 resen-e,
1131 772 1170 801 cf.
1192 773 1255 802 Ecl.

690 821 755 855 ΙΙΙ,
787 821 838 854 34.
872 821 991 858 Vesper
1017 826 1063 847 est
1087 820 1256 857 Hesperus,

689 865 820 895 Veneris
844 865 940 894 stella,
974 864 1076 893 Invito
1099 864 1253 902 Olympo,

689 911 776 950 quod
789 911 906 940 coelum
922 921 1002 951 :egre
1014 909 1147 945 ferebat,
1165 915 1257 939 nocte

687 958 855 998 ingruente
873 967 998 987 carmen
1016 954 1111 985 finiri.
