1408 2428
599 44 719 72 LIBER
744 44 769 72 1.

88 98 255 142 Circum,
276 110 418 147 perque
439 98 531 133 duas
551 98 591 133 in
610 111 753 134 morem
773 99 937 135 fluminis
953 102 1099 144 Arctos,
1230 111 1276 136 24:

87 163 221 196 Arctos
241 157 383 196 Oceani
401 158 600 194 metuentis
621 170 772 206 aeqnore
792 158 896 207 tingi.

88 218 183 264 Illic,
204 227 245 254 ut
261 217 481 268 perhibent,
500 227 564 254 aut
579 217 803 268 intempesta
823 218 906 255 silet
925 231 1001 255 nox

88 281 262 328 Semper,
284 288 321 315 et
340 278 494 315 obtenta
514 278 718 314 densantur
736 288 847 315 nocte
867 277 1051 323 tenebrae3

87 341 165 374 Aut
184 338 282 374 redit
301 350 322 373 a
341 336 639 383 nobi5*Aurora‚
661 337 834 387 diemque
854 338 1021 382 reducit3

86 401 238 448 Nosque
258 397 323 434 ubi
342 398 486 448 primus
507 399 612 447 equis
632 397 772 436 Oriens
793 397 945 434 adflavit
961 397 1120 441 anhelis,

86 553 170 583 tend.
181 570 226 575 ——
236 553 482 583 Circumlabitur
492 575 500 590 ,
518 553 651 582 circum-

86 599 225 629 flectitur
252 601 355 629 Draco
375 621 383 635 ,
412 600 500 629 Ursae
524 600 652 639 utrique

84 646 267 686 implicitus.
293 646 417 675 Servius
440 644 547 674 laudat
573 646 652 686 frag-

86 698 228 721 mentum
263 690 454 720 Hesiodeum
484 701 491 720 2
518 693 652 733 ποταμῷ

86 735 194 778 ῥείεντι
214 735 328 771 ἐεικὼς.
347 736 407 767 Sed
421 743 483 766 tota
502 739 654 766 sententia

86 793 236 813 conversa
251 794 289 812 ex
306 784 395 812 Arati
417 783 522 813 Phaen.
549 784 591 818 45
610 801 654 806 —-

88 829 128 864 48
157 827 203 861 εἴη
231 828 383 870 ποταμοῖο
418 825 563 870 ἀπορρὼξ
591 836 650 859 etc.

85 892 130 897 -—
145 875 221 911 246.
252 874 521 914 Septemtrionalia
548 874 599 903 illa
615 877 654 905 si-

84 921 176 959 dera,
197 922 342 959 interque
366 931 401 950 ea
423 922 541 950 Ursum
556 922 654 959 majo-

84 977 149 997 rem
165 972 195 996 et
207 967 361 996 minorem
371 988 379 1002 ‚
399 967 531 996 Helicen
546 973 574 996 et
592 968 653 1008 Cy-

84 1022 231 1043 nosuram
249 1034 258 1049 ,
289 1023 453 1052 nunquam
487 1012 630 1043 occidere
643 1037 651 1051 ,

86 1059 168 1088 infra
181 1055 334 1100 ὁρίζοντα,
345 1069 400 1088 seu
412 1058 572 1090 finitorem
586 1071 652 1090 non

84 1104 291 1141 descendere,
318 1115 441 1145 semper
465 1106 558 1136 nobis
577 1117 652 1136 con-

82 1151 177 1190 spici,
188 1157 311 1180 notum.
327 1151 458 1181 Fundus
473 1153 590 1192 poetici
604 1164 652 1182 or-

84 1203 176 1226 natus
191 1197 320 1226 Homer.
339 1196 427 1228 Iliad.
447 1208 483 1234 σ,
509 1199 574 1238 489
586 1221 595 1235 ,
620 1206 650 1228 et

81 1242 196 1283 Odyss.
227 1253 238 1272 ε
251 1265 260 1280 ,
290 1244 354 1281 273
385 1254 430 1284 sq.
442 1266 450 1279 ‚
481 1244 539 1273 ubi
566 1245 651 1274 conf.

82 1289 189 1328 Intpp.
203 1294 235 1318 et
247 1288 329 1319 Toll.
348 1289 386 1318 ad
399 1290 564 1330 Apollonii
577 1293 651 1320 Lex.

82 1335 159 1363 Exc.
178 1336 220 1364 V.
240 1335 282 1364 Iis
295 1336 521 1366 intervolvitur
536 1338 652 1366 Draco.

83 1380 260 1410 Metuentes
282 1380 382 1421 tingi,
404 1383 460 1421 qui
479 1391 653 1434 numquam

83 1426 249 1466 tinguntur
269 1448 277 1462 ,
305 1426 483 1457 occidunt.
503 1428 591 1466 quasi
613 1427 653 1457 ab

82 1470 144 1501 hoc
174 1471 235 1500 sibi
264 1480 411 1519 caveant,
449 1473 535 1512 quod
571 1484 653 1503 nun-

83 1527 178 1557 quam
212 1517 343 1548 faciunt.
378 1522 492 1560 Apa-01
525 1528 617 1549 κυανε
620 1529 653 1549 ου

60 1566 184 1607 πεφυ)
178 1573 270 1607 αγεμ
259 1574 322 1594 ναι
343 1563 490 1594 ὠκεανοῖο
502 1588 510 1602 ,
533 1565 656 1596 dixerat

82 1611 199 1639 Aratus
230 1610 252 1640 l.
283 1610 306 1640 l.
341 1610 381 1641 cf.
415 1610 455 1640 ad
482 1613 591 1641 Horat.
623 1613 654 1641 II

85 1656 187 1685 Carm.
206 1666 223 1685 2
236 1678 245 1691 ,
264 1667 280 1694 7
294 1667 408 1696 penna
423 1664 582 1687 metuente
595 1658 655 1687 sol-

83 1701 126 1737 vi,
148 1712 215 1731 non
233 1702 392 1734 solvenda.

130 1754 192 1785 247
214 1766 260 1770 —
281 1749 358 1779 251.
382 1749 475 1787 Illic,
499 1750 560 1779 suh
577 1751 652 1790 polo

82 1794 266 1824 Antarctico
279 1802 333 1824 aut
347 1806 414 1825 nox
427 1803 473 1826 est
484 1803 650 1836 perpetua,

83 1847 138 1869 aut
152 1839 217 1869 dies
232 1840 279 1870 ibi
293 1848 339 1870 est
348 1864 357 1877 ‚
377 1841 452 1871 dum
465 1849 575 1872 nostro
591 1853 652 1873 <⁸oe-

82 1885 115 1914 lo
139 1896 207 1915 nox
224 1887 386 1926 exoritur,
413 1894 444 1917 et
457 1889 527 1918 vice
550 1899 650 1920 versa.

83 1932 198 1960 Parum
226 1931 355 1962 subtiles
391 1940 480 1963 erant
509 1941 652 1964 veterum

82 1977 248 2017 opiniones
270 1977 309 2008 de
332 1980 422 2008 terris
446 1980 650 2018 australibus,

82 2029 114 2052 et
131 2023 228 2053 altero
251 2023 490 2064 hemisphaerio,
515 2026 554 2056 de
581 2028 651 2067 qui-

83 2068 143 2098 bus
161 2076 236 2110 post
255 2069 441 2101 Strabonem
454 2072 599 2103 Macrob.
617 2073 652 2102 in

83 2116 190 2145 Somn.
216 2117 299 2156 Scip.
324 2118 374 2152 ΙΙ,
402 2127 468 2158 cap.
489 2128 509 2158 9
537 2129 582 2159 sq.
605 2119 652 2148 vi—

80 2160 214 2191 dendus.
230 2162 282 2192 Ad
295 2168 440 2193 nostrum
456 2163 565 2194 locum
577 2175 651 2205 pro-

1228 408 1275 432 250

705 553 791 583 xime
821 552 895 582 facit
922 554 1045 582 Lucret.
1073 553 1121 589 V,
1150 552 1215 591 649
1234 571 1277 576 —-

706 600 783 635 654.
809 601 910 639 Quam
933 609 1008 627 vero
1030 605 1138 628 ornate
1162 598 1275 628 intem-

700 653 795 685 pesta
810 645 882 674 silet
899 644 910 685 (
923 655 982 685 pro
1009 651 1055 674 est
1068 644 1079 683 )
1100 654 1222 673 nox—
1232 652 1276 674 te-

707 691 829 726 nebrae,
858 698 893 720 ut
912 690 1100 730 profundam
1129 697 1273 727 noctem,

707 737 781 766 altas
806 737 967 772 tenebras,
1004 747 1068 766 esse
1101 736 1275 777 significet!

707 784 785 812 Nox
812 790 915 812 autem
939 782 998 823 (nt
1025 781 1186 823 tenehrae)
1221 783 1277 813 ob-

707 828 866 864 tenditur,
884 828 1058 858 obducitur
1073 829 1154 858 coelo
1170 835 1201 859 et
1214 836 1278 876 ’ter‘

707 885 758 905 rae.
784 875 914 904 Homer.
940 874 1053 915 Odyss.
1072 877 1113 911 λ,
1136 885 1176 914 19
1205 866 1278 905 Ᾰ))’

708 918 758 951 ἐπὶ
797 918 848 957 νυξ
883 919 929 950 ὁ)
922 919 954 953 ἢ
988 920 1118 951 τέταται
1152 918 1278 952 δειλοῖσι

707 965 781 1010 By·
730 987 809 997 .....
784 967 849 997 Γἷσι.
878 968 955 997 Λοςτ
992 975 1181 1007 tutempesta
1214 968 1277 1005 jam

705 1015 810 1044 Eunio
831 1020 863 1043 et
889 1014 1034 1043 Lucretio
1056 1014 1272 1053 flequentata·
1264 1037 1273 1050 ,

705 1067 742 1089 ut
763 1062 812 1097 V,
839 1060 915 1100 984.
928 1077 975 1082 —
991 1062 1068 1096 248.
1098 1062 1279 1090 Densentur

705 1113 769 1135 erat
779 1107 905 1146 amiqua
914 1106 1010 1136 lectio
1019 1106 1193 1147 :vulgatam
1204 1107 1278 1136 clen-

704 1152 951 1182 santurinduxit
961 1153 1049 1183 Paul.
1061 1156 1183 1183 Manat.
1192 1164 1278 1183 mox-

705 1209 768 1238 que
791 1199 978 1228 Commelin.
999 1198 1208 1229 Retinendam
1228 1210 1279 1228 ve<

705 1251 804 1274 terem
827 1251 931 1275 censet
958 1247 1134 1281 Potterius;
1170 1246 1278 1283 rejecit

706 1291 877 1320 Burmann.
905 1301 945 1319 ne
961 1292 1052 1320 toties
1066 1290 1171 1320 redeat
1184 1291 1276 1331 sylla-

706 1335 745 1365 ba
768 1347 827 1373 ρης
859 1336 912 1365 sed
934 1347 999 1365 eam
1022 1337 1122 1376 ipsam
1142 1337 1184 1366 ob
1205 1347 1276 1366 cau-

706 1392 771 1411 sam
792 1389 899 1411 noster
920 1384 1065 1412 servavit.
1074 1400 1120 1405 -——
1133 1383 1275 1412 Obducta

708 1428 785 1458 alter
800 1428 950 1458 Rottend.

756 1480 831 1513 249.
852 1474 1008 1514 Diemque
1026 1473 1273 1515 relinquz‘tLeid.

707 1530 755 1560 pr.
771 1537 818 1542 —-
840 1521 984 1560 Antiquo
1010 1521 1163 1557 nomine3
1199 1523 1273 1562 quia

707 1567 928 1606 tempestivum
952 1573 1021 1596 tum
1048 1577 1115 1597 non
1133 1574 1203 1604 est,
1237 1568 1274 1597 ad

709 1613 842 1652 agendas
863 1624 927 1649 res,
957 1611 1082 1656 ἀεργὴς.
1100 1613 1195 1642 Redit
1220 1624 1274 1643 au-

706 1669 780 1687 rora
804 1658 923 1688 scilicet
948 1659 986 1688 ad
1014 1670 1085 1696 eos;
1109 1659 1173 1688 adit
1193 1670 1256 1690 eos.

754 1705 830 1735 250.
856 1705 957 1745 Equis
973 1704 1199 1735 anhelantibus
1222 1707 1275 1735 tri-

705 1750 817 1780 buitur
831 1774 840 1789 ,
868 1751 992 1794 adflare
1016 1751 1072 1788 id,
1089 1751 1177 1791 quod
1204 1759 1275 1781 ante

705 1807 737 1826 se
769 1797 906 1834 habent3
932 1805 967 1827 ut
999 1798 1033 1826 in
1065 1808 1175 1826 cursus
1207 1808 1273 1827 cer-

704 1844 821 1873 tamine
848 1855 900 1873 eos
916 1866 924 1879 ‚
962 1853 1042 1883 quos
1069 1850 1140 1872 ante
1161 1853 1193 1872 se
1217 1843 1271 1873 de-

705 1897 866 1919 currentes
890 1899 985 1918 cursu
1013 1890 1182 1930 attingunt.
1205 1890 1272 1919 Ad-

692 1935 788 1978 flant
830 1935 905 1975 equi
939 1934 1022 1964 Solis
1062 1945 1111 1964 eas
1155 1942 1271 1972 terras,

704 1991 780 2021 quas
806 1982 854 2011 sol
880 1981 984 2010 oriens
1007 1980 1175 2012 illuminat.
1200 1983 1273 2012 Jam

704 2027 828 2067 poetica
855 2027 1034 2056 inversione
1072 2027 1154 2057 dixit
1182 2037 1191 2058 ε
1216 2029 1274 2059 Sol

704 2073 809 2102 oriens
836 2073 941 2103 adflat
962 2083 1020 2102 nos
1045 2073 1151 2115 equis;
1179 2081 1216 2104 ut
1240 2081 1272 2104 et

703 2121 774 2149 AEn.
789 2121 831 2156 V,
852 2120 917 2160 739
935 2121 979 2148 Ec
993 2130 1043 2149 me
1065 2131 1163 2151 saevus
1184 2120 1273 2161 equis

704 2165 808 2195 oriens
825 2165 958 2202 adflavit
971 2165 1107 2196 anhelis.
