1408 2428
606 66 725 95 LIBER
751 66 774 92 Ι,

98 136 143 171 Et
162 144 247 175 vos,
269 136 456 178 agrestum
476 122 674 173 praesentia
694 120 865 163 numina,
888 117 1025 162 Fauni,
1258 133 1285 147 ιο

99 198 207 230 Ferte
227 189 337 227 simul
354 184 546 233 Faunique
566 181 702 232 pedem
722 178 968 227 Dryadesque
984 176 1116 227 puellae
1132 191 1141 221 ;

98 254 258 288 Munera
272 256 395 284 vestra
409 256 514 281 cano.
531 245 665 290 Tuque
682 252 724 284 o,
741 237 801 274 cui
818 237 939 286 prima
955 236 1173 272 frementem

99 310 211 349 Fudit
227 319 365 357 equum
375 333 385 352 ,
400 315 535 353 magno
551 301 658 338 tellus
677 310 854 348 percussa
870 296 1042 340 tridenti,

100 372 292 418 Neptune;
311 374 348 402 et
362 364 484 400 cultor
498 371 695 398 nemorum
709 385 718 404 ,
736 358 798 393 cui
818 355 971 406 pinguia
988 356 1072 391 Ceae

101 432 176 465 Ter
191 435 338 463 centum
352 423 454 460 nivei
469 421 626 458 tondent
644 419 795 455 dumeta
806 414 979 466 juvenci;
1258 420 1286 442 15

102 490 203 535 Ipse,
218 496 349 521 nemus
366 482 538 529 linquens
555 478 718 528 patrium
736 476 924 522 saltusque
940 472 1081 520 Lycaei,

102 624 186 654 mine
210 630 241 653 et
265 632 344 662 aqua
363 628 552 660 quacunque
563 640 571 655 ,
603 624 670 647 tan-

103 680 199 710 quam
227 668 336 709 priscis
369 664 560 695 carminibus
592 663 670 692 cele-

102 715 314 745 bratissimum
325 736 333 750 ,
358 722 444 741 more
468 711 671 749 antiquorum

106 762 291 791 Graecorum
299 782 306 796 ,
318 758 408 788 dixit.
419 758 520 786 Docta
530 761 575 784 est
585 754 623 783 de
639 754 671 783 h.

106 808 126 837 l.
147 806 317 846 disputatio
335 815 382 844 ap.
400 800 543 832 Macrob.
559 802 599 835 V,
619 799 668 828 18.

107 870 152 875 --
178 862 228 881 10.
253 848 426 879 Praesentia
456 844 606 880 numina,
639 850 670 872 et

109 897 247 938 potentia
270 902 300 924 et
322 893 467 934 propitia.
491 901 522 920 ν.
550 889 616 920 Ecl.
644 890 668 924 I,

111 950 163 979 42.
175 960 220 965 -—
237 952 249 971 1
260 951 287 970 1.
299 942 360 970 Pro
376 937 540 976 Faunique
555 945 671 964 memo-

109 988 213 1018 rabilis
226 987 319 1017 lectio
334 983 500 1023 Satyrique
513 982 547 1011 in
558 981 672 1011 Gotha-

110 1045 152 1064 no
166 1044 214 1074 pr.
229 1033 309 1063 Nam
322 1030 432 1071 frigere
449 1028 575 1057 videtur
590 1029 672 1056 Fau-

111 1080 160 1116 ni,
176 1079 271 1108 altero
280 1078 351 1107 loco
363 1077 519 1106 iteratum.
532 1074 563 1103 Si
573 1072 674 1102 codex

110 1125 215 1165 paullo
239 1123 398 1162 antiquior
421 1127 518 1156 esset,
537 1118 673 1148 dicerem

110 1180 214 1200 veram
229 1171 294 1208 ejus
306 1169 473 1198 lectionem
486 1166 558 1195 voci
571 1175 611 1194 ex
625 1175 674 1193 an-

110 1216 271 1246 tecedente
289 1224 381 1244 versu
399 1217 551 1242 revocata:
570 1211 675 1239 cessis-

111 1273 206 1291 se.—-
215 1263 304 1291 Ferte
319 1259 413 1289 simul
421 1257 550 1298 pedem,
562 1256 673 1291 adeste,

111 1308 211 1337 Fauni
219 1329 227 1343 ,
240 1305 458 1346 Nymphaeque
471 1302 564 1332 simul
577 1304 677 1341 Drya-

112 1352 165 1382 des
176 1374 184 1389 ,
212 1359 361 1391 tanquam
388 1349 453 1379 deae
473 1349 624 1377 silvarum
647 1353 679 1375 et

113 1397 268 1433 saltuum,
285 1398 320 1425 in
338 1395 455 1435 quibus
478 1402 585 1433 greges
611 1402 678 1431 pas-

115 1449 242 1472 cuntur.

166 1497 216 1517 12.
233 1480 416 1526 Sequuntur
434 1485 620 1523 Neptunus,
638 1483 679 1511 A·

116 1535 246 1569 ristaeus,
265 1534 340 1567 Pan,
355 1531 500 1560 Minerva
524 1538 596 1557 cum
620 1527 678 1557 Sil-

117 1588 198 1608 vano
213 1586 221 1607 :
236 1588 267 1607 v.
287 1576 327 1605 ad
351 1587 381 1605 v.
405 1575 436 1605 6.
450 1575 586 1604 Munera
606 1583 678 1601 ves-

117 1632 176 1660 tra,
187 1633 227 1652 ex
236 1621 378 1652 anteced.
389 1621 556 1654 frumenta,
565 1619 661 1647 vitem
669 1640 677 1653 ,

117 1674 266 1705 armenta,
286 1677 393 1707 greges
403 1688 412 1703 ,
435 1665 487 1694 cui
495 1663 677 1704 primafre-

118 1722 254 1744 mentem
283 1712 379 1743 Fudit
411 1721 523 1751 equum
538 1733 546 1746 ,
588 1710 678 1746 cujus

115 1761 204 1798 jussu
221 1759 359 1799 primum
373 1769 390 1787 e
405 1764 486 1786 terra
497 1766 597 1795 equus
611 1755 677 1783 edi-

118 1812 168 1834 tus
189 1811 244 1834 est.
263 1805 346 1834 Nota
364 1803 484 1838 fabula,
504 1801 677 1831 Athenien-

119 1850 205 1879 sibus
214 1849 393 1885 domestica,
404 1849 443 1878 de
455 1847 595 1887 Neptuni
605 1856 679 1875 cum

119 1895 243 1925 Pallade
257 1896 434 1930 certamine,
451 1903 524 1922 cum
540 1892 585 1921 dii
600 1891 679 1920 arbi-

120 1941 216 1969 trium
230 1940 436 1975 tulissentmt,
443 1945 514 1967 uter
523 1947 589 1966 rem
599 1946 679 1965 mor-

119 1985 235 2015 talibus
249 1985 444 2014 utilissimam
459 1982 662 2022 produxisset
671 2002 679 2017 ‚

120 2033 187 2069 ejus
195 2031 323 2060 nomine
329 2039 413 2059 nova
420 2028 498 2058 urbs
510 2024 680 2068 (Athenae)

120 2076 339 2117 appellaretur.
354 2075 394 2104 cf.
408 2073 509 2104 Bentl.
524 2073 564 2102 ad
571 2074 680 2102 Horat.

122 2122 225 2152 Carm.
252 2123 285 2158 Ι,
309 2132 339 2159 7,
361 2131 390 2158 7.
414 2121 581 2159 Neptunus
608 2117 682 2146 inde

119 2165 235 2202 ἵππιος.
250 2167 393 2198 Fundere
401 2165 528 2206 proprie
539 2164 578 2193 de
589 2169 683 2204 partu

725 615 808 644 felici
836 624 872 642 ac
902 612 986 642 facili
1001 621 1008 648 3
1037 610 1112 639 hinc
1140 608 1286 643 omnino,

724 669 898 700 procreare.
914 661 1065 688 Percussa
1082 654 1219 690 tridenti,
1230 654 1287 683 sol-

725 706 811 735 leuni
830 705 962 735 deorum
981 713 1077 738 more,
1094 701 1216 741 quoties
1231 699 1286 728 ali-

724 751 803 790 quid
818 761 834 779 e
845 757 926 779 terra
942 749 1108 789 provenire
1124 747 1246 776 volunt.
1256 756 1287 774 v.

726 795 906 826 Callimach.
934 795 967 823 in
983 794 1052 823 Del.
1083 794 1144 827 303
1162 793 1196 820 in
1214 792 1287 820 Jov.

725 852 766 880 29
796 851 841 879 sq.
874 856 920 862 --
959 845 1008 874 14.
1040 838 1148 867 Cultor
1181 846 1288 866 nemo-

724 897 802 922 rum,
818 886 849 916 h.
868 896 894 915 e.
915 894 1105 925 pascuorum
1117 905 1124 919 ,
1147 883 1289 922 adeoque

725 939 755 962 et
778 942 925 972 gregum,
951 940 1058 959 curam
1083 928 1221 964 habens,
1244 935 1291 957 est

726 979 896 1013 Aristaeus,
917 976 1074 1016 Apollinis
1095 980 1126 1004 et
1152 975 1290 1015 Cyrenes

726 1023 821 1058 filius,
829 1024 895 1062 qui,
910 1021 1103 1062 Cycladibus
1113 1030 1226 1060 magna
1235 1020 1291 1048 sic-

728 1069 819 1098 citate
854 1075 884 1098 et
916 1068 996 1096 fame
1028 1066 1153 1096 afflictis
1164 1088 1172 1101 ,
1198 1075 1270 1094 cum
1282 1088 1289 1095 .

729 1116 822 1145 Ceam
838 1114 1019 1149 arcessitus,
1035 1113 1151 1143 Sirium
1168 1111 1290 1151 placare

728 1167 927 1190 monstrasset
943 1181 951 1194 ,
981 1169 1046 1198 quo
1078 1157 1160 1187 facto
1191 1157 1291 1186 etesiae

728 1217 829 1235 aerem
847 1212 1018 1245 temperare
1043 1209 1219 1243 coeperant,
1235 1203 1291 1231 Jo-

729 1254 775 1281 vis
800 1252 926 1281 Aristaei
951 1256 982 1279 et
1007 1249 1163 1289 Apollinis
1186 1249 1294 1278 Nomii

729 1298 856 1328 nomine
877 1296 980 1325 cultus
1004 1295 1074 1323 fuit.
1091 1293 1181 1324 Pind.
1199 1293 1291 1333 Pyth.

731 1345 793 1378 IX,
820 1349 882 1377 104
902 1352 948 1380 sq.
977 1339 1128 1379 Apollon.
1156 1340 1205 1373 II,
1231 1339 1292 1368 500

731 1398 797 1427 sqq.
815 1389 872 1422 IV,
895 1387 991 1415 1132.
1014 1385 1054 1414 cf.
1074 1385 1120 1413 ibi
1140 1384 1244 1414 Schol.
1263 1390 1294 1413 et

732 1433 764 1463 h.
780 1433 801 1462 l.
819 1434 917 1467 Serv„
936 1441 1030 1471 quem
1048 1430 1222 1469 pleniorem
1240 1429 1294 1458 ha-

732 1478 802 1507 buit
815 1477 922 1507 Julius
939 1477 1082 1507 Sabinus.
1094 1475 1152 1504 inf.
1171 1475 1227 1504 Ge.
1238 1476 1292 1508 fv,

735 1525 795 1561 317
815 1533 881 1562 sqq.
905 1521 1000 1552 Diod.
1016 1522 1071 1556 IV,
1090 1521 1143 1555 81,
1161 1520 1214 1549 82.
1232 1521 1293 1549 Hic

731 1575 860 1608 propter
883 1575 1074 1607 pascuorum
1103 1572 1134 1594 et
1157 1565 1294 1594 saltumn

733 1625 840 1643 curam
854 1614 1031 1643 invocatur.
1052 1612 1194 1640 Nemora
1211 1611 1292 1640 dicta

731 1667 805 1689 suut
820 1669 878 1699 pro
890 1657 1030 1693 saltibus,
1043 1658 1078 1685 in
1093 1656 1210 1696 quibus
1224 1667 1293 1696 pas-

732 1716 791 1735 cua
819 1711 903 1734 sunt.
935 1721 981 1726 -
1016 1703 1124 1732 Cultor
1144 1712 1295 1741 pecorum

731 1752 813 1788 conj.
828 1750 990 1779 Schrader.
1015 1748 1094 1778 Cod.
1111 1748 1295 1777 Monacens.

730 1804 830 1826 custos
834 1805 995 1835 pecorum.
1003 1812 1049 1817 —
1055 1792 1138 1823 Male
1145 1794 1295 1832 scriptum

730 1844 843 1883 passim
860 1841 1108 1871 Caeoe.—Etiam
1121 1849 1152 1868 v,
1171 1838 1223 1874 15,
1239 1838 1296 1867 du-

732 1896 815 1917 meta
834 1897 892 1927 pro
914 1886 1059 1921 saltibus,
1074 1885 1147 1914 loco
1162 1884 1296 1913 arbustis

733 1934 864 1963 consito.
882 1931 1022 1971 Pinguia
1032 1952 1040 1966 ,
1056 1929 1207 1966 herbosa3
1225 1936 1296 1958 ton-

734 1979 820 2021 depe,
827 1983 960 2017 pascunt
968 1975 1080 2005 herhas
1095 1976 1177 2005 inter
1190 1974 1297 2004 arbus-

734 2032 765 2053 ta
788 2030 884 2052 nataS.
904 2023 971 2052 Aut
990 2031 1124 2062 praesens
1140 2030 1200 2060 pro
1216 2030 1295 2060 prae-

735 2070 827 2099 terito
856 2069 993 2108 positum
1009 2078 1017 2104 ;
1043 2074 1115 2103 aut,
1147 2073 1296 2105 tanquam

734 2122 827 2155 poeta
836 2114 931 2143 deum
943 2113 1047 2143 adhuc
1061 2114 1095 2142 in
1104 2111 1207 2141 insula
1216 2121 1295 2151 prae-

735 2167 853 2191 sentem
868 2170 958 2200 agere
974 2159 1083 2188 cernit.
1098 2159 1136 2187 In
1150 2163 1297 2197 sqq.ante
