1408 2428
556 98 675 127 LIBER
700 98 740 125 11.

1189 95 1251 123 225

72 159 183 192 Ferre
201 155 345 204 pirum,
366 163 402 190 et
422 154 550 202 prunis
568 153 735 202 lapidosa
755 151 952 188 rubescere
970 165 1094 189 corna.

124 217 250 260 Quare
267 214 363 263 agite
380 225 421 258 ο,
439 213 612 261 proprios
631 213 835 261 generatim
852 211 981 248 discite
999 213 1118 249 cultus
1130 240 1138 255 ,
1222 221 1251 242 ἃᾶ

74 274 274 322 Agricolae,
295 273 511 321 fructusque
529 273 628 308 feros
646 273 786 308 mollite
803 271 978 317 colend03

75 335 159 369 Neu
176 347 304 383 segnes
315 334 461 382 jaceant
479 341 599 368 terrae.
615 335 727 368 Juvat
747 334 887 368 Ismara
901 331 1047 367 Baccho

76 395 296 438 Conserere,
317 402 427 441 atque
448 392 529 427 olea
545 405 720 441 magnum
737 392 874 428 vestire
892 390 1123 427 Taburnum.

76 455 206 501 Tuque
225 452 328 496 ades,
348 452 612 500 inceptumque
628 464 702 487 una
719 451 875 486 decurre
894 449 1080 495 laborem,

78 514 110 547 Ο
129 511 258 556 decus,
277 523 299 545 0
317 511 422 546 famae
442 511 575 546 merito
593 523 677 558 pars
696 522 868 545 maxuma
887 518 1042 553 nostrae,
1225 525 1255 545 ⁴0

77 572 278 614 Maecenas,
296 569 502 618 pelagoque
521 570 649 605 volans
671 569 717 604 da
733 569 815 604 vela
832 569 984 617 patenti.

76 630 162 665 Non
179 640 247 677 ego
265 637 399 664 cuncta
414 628 504 664 meis
523 628 694 677 amplecti
711 627 881 663 versibus
900 636 1008 675 Opt03

78 689 182 733 Non,
198 686 290 723 mihi
307 687 338 723 si
357 687 492 735 linguae
511 696 660 723 centum
680 687 770 732 sint,
790 699 930 734 oraque
949 694 1115 728 centum,

80 872 182 893 curam
206 870 300 902 atque
330 862 424 891 insita
456 862 644 900 conjiciebat

80 911 188 939 Heius.

129 959 181 988 35.
202 958 339 994 Discite,
367 959 422 997 qm'
445 969 502 997 per
523 959 644 998 singula

81 1014 209 1043 genera,
238 1005 351 1043 cuique
385 1005 508 1043 generi,
542 1004 644 1033 cultus

80 1051 225 1090 proprius
250 1051 299 1079 sit.
322 1066 366 1071 -—
387 1049 440 1078 36.
468 1051 493 1078 Ε
520 1051 642 1080 Lucret.

81 1098 120 1125 V.
134 1106 146 1124 1
156 1095 215 1132 367
235 1095 315 1123 Inde
327 1094 426 1123 aliam
441 1102 536 1134 acque
545 1095 645 1124 aliam

82 1141 234 1170 culturam
263 1140 362 1169 dulcis
396 1140 496 1180 agelli
529 1142 643 1170 Tenea-

82 1187 174 1222 bant,
188 1185 374 1226 fructusque
373 1185 465 1226 feros
483 1196 644 1215 mansues-

81 1243 150 1261 cere
162 1239 245 1261 terra
263 1231 441 1260 cernebant
450 1231 645 1272 indulgendo

80 1277 259 1317 blandeque
285 1277 428 1306 colendo.
455 1294 500 1299 -—
529 1278 648 1307 Cultus-

81 1322 236 1364 queferos
249 1322 377 1351 laudant
387 1323 483 1362 Cruq.
492 1322 529 1351 ad
537 1325 645 1353 Horat.

82 1371 144 1398 Sat.
165 1369 214 1404 ΙΙ,
243 1378 276 1403 2,
291 1368 334 1396 66
349 1390 357 1404 ,
376 1374 407 1396 et
422 1369 564 1397 Macrob.
581 1371 643 1406 VI,

83 1414 114 1449 6,
134 1413 191 1442 ubi
214 1415 306 1442 etiam
336 1413 474 1450 mollire,
494 1414 582 1443 male.
601 1431 648 1437 —-—

85 1460 138 1496 37.
175 1461 332 1495 Ismarus,
369 1469 458 1488 mons
487 1459 645 1497 Thraciae,

81 1504 200 1533 vitibus
208 1526 216 1538 ‚
227 1511 257 1533 et
272 1504 433 1533 Taburnus
444 1527 452 1541 ‚
462 1515 553 1533 mons
567 1507 649 1535 Sam-

82 1550 142 1586 nii,
173 1550 264 1579 olivis
298 1549 429 1586 nobilis,
460 1560 647 1590 quamquam

82 1602 215 1634 uterque
230 1596 370 1635 alioquin
395 1606 482 1634 asper
497 1603 526 1624 et
544 1596 646 1625 horri-

81 1640 150 1670 dus.
183 1641 301 1670 Laudat
333 1642 502 1671 Burmann.
540 1643 645 1682 Intpp.

83 1686 182 1715 Gratii
212 1686 330 1727 Cyneg.
354 1687 434 1725 509,
458 1687 539 1716 ubi:
568 1688 647 1717 Cau-

81 1731 153 1760 dini
187 1742 271 1760 saxa
306 1732 455 1762 Taburni.
491 1735 646 1762 Ismarum

81 1777 194 1807 urbem
223 1779 379 1807 Homerus
410 1780 594 1807 memoravit
616 1787 647 1809 et

81 1823 192 1852 viuum
207 1833 224 1852 a
244 1825 376 1853 Marone
392 1823 499 1862 Ulyssi
521 1823 644 1854 datum:

81 1868 194 1908 Odyss.
229 1879 255 1904 ι,
289 1879 362 1907 197.
391 1868 469 1897 Inde
501 1869 577 1898 urbs
611 1871 646 1899 in

81 1914 262 1953 propinquo
289 1915 440 1943 Maronea
475 1920 506 1943 et
534 1916 646 1944 viuum

82 1961 270 1989 Maroneum
302 1958 421 1988 clarum
444 1959 561 1989 hahent
588 1971 646 1990 no-

83 2015 166 2034 men.
186 2006 330 2034 Montem
356 2005 520 2035 Ismarium
538 2016 554 2034 e
573 2017 645 2035 nos-

33 2077 42 2084 ,
83 2057 133 2080 tro
155 2051 277 2079 Auson.
306 2049 436 2078 Mosella
463 2051 525 2090 159
544 2053 646 2081 nomi-

83 2103 152 2132 nat,
168 2095 226 2124 ubi
246 2094 284 2123 de
302 2095 378 2124 vino
399 2096 470 2135 agit.
488 2098 648 2126 Perfinent

84 2148 188 2170 autem
198 2140 233 2170 hi
246 2151 353 2169 versus
366 2140 470 2170 adhue
486 2141 524 2170 ad
537 2141 647 2172 adhor-

85 2188 233 2218 tationem
257 2186 477 2228 agricolarum,
499 2194 535 2216 ut
558 2187 647 2218 arbo-

696 862 783 890 ribus
807 861 928 891 idoneis
956 863 991 891 in
1022 862 1100 891 locis
1122 862 1261 891 colendi<

697 918 823 947 operam
840 907 925 937 dent.

745 960 839 998 39-
850 960 902 995 46.
922 960 1086 998 Proposito
1112 960 1199 998 qnasi
1214 970 1260 988 ar-

698 1012 846 1043 gumento
870 1005 959 1041 libri,
983 1004 1020 1032 ad
1038 1005 1104 1041 ejus
1126 1012 1260 1044 pertrac—

698 1051 846 1079 tationem
878 1052 1082 1079 Maecenatem
1116 1051 1259 1087 invocat;

699 1096 912 1125 commodiore
926 1096 1013 1132 loco,
1025 1106 1117 1135 quam
1133 1096 1159 1124 si
1172 1097 1260 1135 paul-

698 1141 729 1169 lo
749 1149 818 1170 ante
834 1153 862 1170 v.
882 1142 979 1180 5—9‚
992 1141 1116 1170 Baccho
1132 1142 1261 1179 subjun-

698 1187 793 1215 xisset
814 1187 972 1227 privatum
995 1187 1165 1216 hominem.
1182 1189 1261 1216 Nam

700 1232 850 1261 Caesarem
862 1255 870 1268 ,
881 1240 963 1262 recte
976 1233 1089 1262 ultimo
1105 1239 1176 1272 post
1189 1232 1263 1261 deos

700 1277 771 1307 loco
789 1278 926 1317 ponebat
941 1279 997 1307 Ge.
1013 1280 1027 1306 Ι
1038 1300 1046 1314 ,
1067 1284 1109 1313 24
1122 1288 1188 1317 sqq.
1201 1279 1264 1306 De-

701 1333 822 1352 currere
835 1330 917 1353 recte
933 1323 1061 1363 quidem
1077 1323 1116 1352 ad
1129 1323 1263 1352 stadium

702 1376 754 1397 aut
782 1370 901 1398 circum
924 1370 1072 1405 refertum
1098 1369 1152 1397 sed
1169 1379 1265 1408 prop-

702 1420 747 1442 ter
772 1426 803 1444 v.
830 1421 867 1450 41
900 1425 915 1443 a
939 1425 1034 1444 cursu
1061 1415 1266 1454 navigationis

700 1460 834 1498 petitum
872 1460 970 1489 videri
1011 1459 1103 1487 debet
1132 1467 1138 1488 :
1178 1460 1264 1498 quod

702 1506 817 1534 Ruaeus
836 1507 969 1535 monuit.
981 1522 1026 1526 —-
1038 1511 1090 1540 40.
1110 1505 1265 1544 Opatria’

701 1551 815 1580 Moret.
835 1561 896 1580 sec.
913 1561 929 1578 a
956 1561 1037 1579 man.
1061 1561 1108 1590 pr.
1135 1561 1153 1579 ο
1171 1552 1264 1586 Deus,

701 1602 732 1623 et
742 1606 821 1634 pars
845 1595 989 1624 maxima
1010 1595 1152 1624 nostrz'iu
1170 1596 1264 1626 codd.

701 1641 820 1680 aliquot
837 1643 940 1671 Pierii.
954 1659 1000 1664 —
1013 1643 1186 1671 Maximam
1201 1652 1265 1671 suae

699 1685 788 1715 famae
811 1694 841 1716 et
865 1687 972 1728 gloriae
989 1694 1108 1727 partem
1132 1697 1168 1716 eo
1193 1697 1266 1716 con-

703 1733 793 1760 tineri
809 1733 864 1768 ait,
881 1732 968 1772 quod
990 1733 1170 1762 Maecenatis
1191 1734 1266 1761 ami-

701 1778 771 1806 citia
783 1780 899 1809 utatur.
915 1796 961 1801 —
972 1785 1024 1814 41.
1047 1778 1163 1807 Volens
1178 1778 1264 1807 Leid.

699 1823 786 1862 quod
812 1825 983 1854 Burmann.
1013 1834 1124 1852 verum
1153 1830 1244 1863 putat
1258 1846 1266 1860 ‚

700 1876 729 1897 et
739 1871 855 1909 recepit
865 1871 972 1899 Heius.
981 1887 1027 1892 -—
1035 1871 1087 1898 Da
1096 1869 1184 1904 vela,
1198 1869 1266 1898 fave

700 1916 834 1945 canenti.
868 1917 1100 1945 Tractationem
1131 1915 1267 1944 materiae

699 1960 885 1999 plerumque
901 1961 1108 2001 navigationis
1123 1960 1268 1990 formulis

700 2006 882 2045 exprimunt
890 2013 1001 2046 poetae.
1013 2006 1129 2036 Similia
1139 2017 1169 2035 v.
1184 2006 1268 2046 apud

701 2051 843 2081 Cerdam.
859 2069 904 2073 —-
927 2053 979 2087 43.
1005 2053 1085 2082 Item
1108 2054 1178 2081 ΖΕΗ.
1204 2053 1268 2088 VI,

701 2097 767 2126 625
781 2108 826 2136 sq.
843 2108 883 2127 ex
897 2097 985 2128 Iliad.
1003 2095 1038 2135 β,
1057 2097 1119 2133 488
1136 2107 1182 2137 sq.
1197 2099 1269 2127 Jam

701 2143 739 2171 ab
764 2144 876 2172 Hostio
900 2130 992 2183 post-a
1009 2143 1106 2172 latine
1124 2153 1269 2183 expressa

701 2196 789 2218 erant
817 2190 985 2221 Homerica
1009 2198 1015 2220 :
1042 2190 1132 2227 cujus
1161 2199 1270 2220 versus
