1408 2428
548 92 717 121 ECLOGA
743 95 781 121 Χ.

1208 107 1267 135 129

81 152 161 186 Jam
179 161 300 198 neque
317 147 596 197 Hamadryades
614 162 781 194 rursum,
798 163 866 186 nec
887 151 1052 187 carmina
1067 152 1177 189 nobis

79 212 167 257 Ipsa
178 209 341 258 placent;
360 209 449 257 ipsae
469 221 619 245 rursum
638 210 846 255 concedite,
866 210 979 246 silvae.

80 271 165 304 Non
185 269 289 305 illum
304 268 424 305 nostri
440 278 597 318 possunt
614 278 761 305 mutare
780 269 947 316 labores;

80 332 175 375 Nec,
196 330 226 366 si
243 329 446 378 frigoribus
463 329 594 366 mediis
612 330 860 378 Hebrumque
877 330 1052 367 bibamus
1063 358 1073 376 ‚
1240 340 1270 362 65

80 388 344 437 Sithoniasque
364 389 468 425 nives
488 388 623 425 hiemis
644 389 845 426 subeamus
863 401 1013 437 aquosae
1027 417 1036 434 ‚

80 451 159 485 Nec
179 449 227 493 si,
249 461 365 497 quum
386 449 548 484 moriens
568 449 640 485 alta
656 449 752 485 liber
770 457 848 485 aret
864 449 902 484 in
919 449 1040 494 ulmo,

82 508 301 557 AEthiopum
320 522 511 545 versemus
530 508 610 545 ovis
628 508 699 545 sub
720 508 843 544 sidere
861 509 1007 544 Cancri.

83 567 219 605 Omnia
234 568 351 605 vincit
373 581 496 613 amor3
518 576 555 604 et
573 581 641 605 nos
659 568 834 605 cedamus
853 569 984 605 amori.

136 632 225 665 Haec
245 638 300 665 sat
318 629 406 673 erit,
425 629 538 674 divae,
558 637 725 665 vestrum
744 628 922 665 cecinisse
940 638 1110 678 poetam,
1247 647 1276 669 70

84 691 184 724 Dum
200 687 321 733 sedet,
339 697 375 724 et
391 688 521 737 gracili
537 688 713 726 fiscellam
730 687 823 724 texit
840 687 987 724 hibisco
998 716 1008 732 ,

87 746 248 784 Pierides
256 763 266 793 3
283 759 349 784 vos
367 746 446 784 haec
464 748 606 784 facietis
627 748 789 784 maxima
811 748 918 783 Gallo
937 761 944 781 :

87 807 212 851 Gallo,
229 807 333 856 cujus
354 819 459 843 amor
476 816 620 844 tantum
641 807 734 842 mihi
755 806 887 842 crescit
908 806 946 841 in
964 806 1096 851 horas,

88 870 279 912 Quantum
294 879 382 903 vere
399 879 499 903 novo
520 866 651 904 viridis
671 881 708 904 se
729 865 880 915 subjicit
902 866 1018 902 alnus.

135 1008 176 1037 62
193 1025 238 1031 —-
253 1008 307 1047 69.
330 1009 449 1037 Iterum
466 1014 600 1038 mentem
618 1019 653 1038 ac

90 1054 256 1084 consilium
277 1059 396 1091 mutat,
427 1064 486 1084 nec
507 1065 655 1084 curarum

90 1100 225 1129 remedia
234 1110 257 1141 ¹a
272 1102 336 1129 vita
351 1101 512 1140 pastoritia
528 1110 656 1141 exspec-

90 1152 153 1182 tat3
178 1156 219 1175 ne
237 1153 303 1175 tum
319 1146 465 1186 quidem,
500 1147 525 1175 si
548 1148 582 1176 in
601 1158 656 1176 ex-

91 1199 188 1221 tremo
221 1193 432 1232 septentrione
468 1192 519 1222 vel
551 1200 657 1222 austro

89 1243 230 1266 versetur
259 1247 266 1267 :
295 1238 361 1267 haec
381 1239 516 1268 ornavit.
541 1256 586 1261 —
602 1239 656 1268 63.

93 1283 279 1319 Concedite,
299 1284 410 1314 valete.
426 1302 472 1307 —
486 1285 540 1320 64.
558 1285 659 1314 Labo-

91 1339 138 1357 res
150 1352 158 1366 ‚
175 1329 215 1358 ad
230 1330 431 1359 venationem
447 1330 528 1359 refer
539 1352 546 1366 ‚
563 1341 658 1369 quain

91 1374 247 1403 incassum
261 1382 442 1415 susceptum
460 1385 477 1404 a
492 1386 523 1404 se
542 1377 581 1404 iri
597 1377 639 1405 ait
649 1397 657 1412 ‚

92 1429 166 1448 cum
182 1430 319 1449 amorem
336 1421 381 1450 nil
395 1422 435 1449 sit
451 1421 538 1460 quod
554 1422 659 1450 animo

93 1465 230 1495 eximere
246 1467 353 1505 possit.
373 1483 419 1488 —-
439 1467 492 1496 65.
508 1467 576 1496 Nec
592 1466 659 1507 sis]

94 1521 133 1539 ex
152 1511 285 1541 Theocr.
305 1513 413 1547 v11‚1
424 1523 436 1541 1
447 1522 460 1541 1
472 1530 518 1535 ——
532 1522 545 1541 1
556 1518 594 1547 14
607 1533 614 1547 ‚
631 1519 661 1541 et

94 1556 223 1595 quidem
252 1557 424 1586 admodum
461 1559 622 1597 ingeniose
652 1567 659 1587 1

95 1599 163 1636 ΕίΆς
184 1598 347 1631 δἬὸωνῶν
368 1601 420 1644 μὲν
442 1601 469 1632 ἐν
491 1602 578 1644 eipso-z
598 1613 646 1642 χε.

97 1657 172 1688 ματι
187 1646 288 1690 μέσσῳ
308 1640 404 1690 iiopov
422 1645 486 1689 πὰρ
504 1659 661 1690 novatum,

96 1703 252 1749 τετραμμε
255 1704 301 1728 ¹03
314 1693 436 1747 ἐγγὺθ
427 1706 453 1723 ιν
472 1677 572 1736 Apum-0
576 1705 612 1731 υ,
634 1694 662 1724 ἐν

98 1735 160 1768 ὸὲθ
166 1737 400 1782 έρειπυμοίτοισι
413 1751 476 1783 παρ
491 1739 664 1771 Αἰθιόπεσσι

98 1795 233 1826 νομευοις
257 1797 285 1816 κ.
312 1797 340 1816 τ.
363 1790 391 1817 λ.
417 1803 464 1809 -—-
485 1787 539 1816 66
569 1786 665 1826 Quod

101 1831 232 1860 Hiemen
250 1842 404 1872 aquosam
422 1839 592 1868 memorat,
612 1843 667 1872 pa·-

102 1886 171 1904 rum
192 1877 355 1906 commode
376 1877 433 1914 fit,
460 1878 517 1907 ubi
536 1878 574 1907 de
599 1877 667 1907 nive

102 1923 215 1961 agitur.
242 1923 396 1952 Tentahat
418 1925 471 1953 Jo.
502 1923 666 1953 Schrader.

103 1966 210 1996 Hoemi
229 1967 391 1997 subeamus
415 1968 536 2008 aquosi.
560 1970 667 1998 Burm.

105 2023 179 2042 vero
192 2013 355 2050 sule-emus,
369 2024 427 2053 pro
440 2014 613 2043 subeamus.
625 2032 670 2037 -—-

105 2059 159 2096 67.
180 2059 394 2088 Commoriens
409 2070 492 2088 unus
507 2061 621 2089 Moret.
641 2066 672 2089 et

106 2105 192 2134 Gud.
207 2122 253 2127 --
268 2106 321 2134 68.
335 2107 495 2134 Servemus
509 2105 614 2135 Barth.
631 2106 671 2134 si-

106 2161 143 2179 ve
156 2151 251 2188 liber,
264 2152 328 2180 sive
342 2151 528 2181 emendatio.
537 2169 583 2173 —
592 2152 673 2191 Opes

107 2197 220 2227 Moret.
243 2214 288 2219 —
312 2196 492 2237 AEclziopum
515 2208 674 2226 versemus

708 1008 788 1045 ovis,
808 1019 867 1049 pro
882 1009 964 1037 inter
980 1006 1141 1048 AEthiopes
1153 1030 1160 1044 ‚
1178 1008 1213 1036 in
1230 1010 1279 1037 ΙΕ-

708 1055 839 1095 thiopia.
856 1057 988 1084 Ver-sare
1000 1054 1032 1084 h.
1050 1054 1071 1084 l.
1091 1064 1182 1093 agere
1192 1075 1200 1090 ‚
1214 1064 1281 1093 pas-

711 1111 797 1137 cere,
818 1111 858 1130 ex
876 1100 979 1130 πολεῖν
993 1110 1000 1130 1
1016 1100 1102 1129 unde
1128 1097 1254 1133 αἰπόλος
1273 1121 1280 1135 ,

711 1145 848 1182 οἰοπόλος
863 1154 922 1177 ete.
938 1146 1016 1176 liber
1032 1156 1119 1182 vero,
1131 1155 1202 1185 pars
1217 1155 1284 1174 cor-

712 1194 780 1222 ticis
803 1195 935 1222 interior
949 1215 956 1229 ,
986 1193 1118 1221 omnino
1136 1202 1195 1231 pro
1215 1201 1282 1220 cor-

712 1240 773 1268 tice
793 1246 885 1278 atque
906 1239 1028 1268 arbore.
1044 1255 1090 1260 -—
1101 1238 1155 1276 69.
1172 1237 1283 1267 Nexus

712 1286 874 1314 sententiae
889 1291 935 1313 est
952 1283 1062 1323 paullo
1077 1283 1188 1312 durior
1204 1291 1212 1312 ε
1229 1283 1283 1311 Ni-

712 1330 757 1359 hil
776 1337 820 1360 est
836 1330 925 1369 quod
938 1330 977 1359 ab
991 1330 1105 1358 amoris
1118 1329 1202 1357 curis
1224 1327 1284 1356 sol-

712 1382 764 1404 vat
788 1377 927 1405 animum
943 1385 950 1405 ε
976 1376 1076 1404 vincit
1099 1374 1152 1404 ille
1177 1373 1297 1403 omnia*

713 1421 848 1450 remedia
864 1432 871 1458 ;
891 1431 965 1461 ergo
981 1420 1059 1450 mihi
1074 1419 1283 1449 succumben-

715 1467 791 1496 dum
808 1474 863 1496 est.

763 1524 812 1550 7⁰·
831 1514 878 1541 De
894 1522 925 1540 se
937 1513 1002 1549 jam
1016 1517 1108 1550 poeta
1120 1511 1279 1549 loquitur,

714 1557 753 1586 ad
768 1560 875 1587 Musas
894 1567 1082 1591 conversus3
1100 1555 1169 1585 haec
1187 1566 1219 1584 se
1236 1556 1283 1584 lu-

715 1604 788 1633 sisse
814 1603 978 1643 pastoritio
997 1603 1134 1630 carmine
1160 1613 1190 1630 v.
1219 1611 1255 1638 71
1276 1612 1284 1637 ;

716 1650 793 1689 petit
822 1659 895 1678 vero
917 1648 956 1677 ab
981 1649 1034 1683 iis,
1063 1654 1099 1676 ut
1124 1657 1194 1686 quae
1219 1648 1285 1685 ipse

716 1696 845 1724 minima
868 1695 902 1724 in
928 1693 1011 1723 Galli
1028 1693 1182 1722 honorem
1206 1691 1286 1720 fece-

717 1742 758 1769 rit
771 1762 779 1777 ,
799 1742 874 1780 ipsae
893 1739 1027 1774 faciant,
1047 1745 1082 1767 ut
1105 1748 1163 1777 pro
1187 1738 1287 1766 maxi-

718 1788 776 1816 mis
790 1786 882 1816 Gallo
897 1786 969 1821 sint,
982 1785 1014 1814 h.
1028 1794 1096 1813 eam
1110 1789 1141 1812 et
1154 1783 1285 1822 gratiam

719 1839 750 1862 et
763 1833 946 1872 dignitatem
958 1830 1103 1865 habeant,
1118 1839 1213 1868 quam
1223 1839 1287 1858 car-

720 1880 804 1908 mina
818 1877 934 1917 gravia,
952 1876 1054 1910 Gallo,
1069 1875 1160 1912 cujus
1174 1875 1208 1903 in
1222 1874 1288 1904 dies

720 1925 837 1960 majore
858 1932 962 1951 amore
982 1927 1135 1950 teneatur.
1153 1920 1289 1950 Fiscella

723 1968 862 1998 calathus
878 1969 911 1996 in
927 1977 1019 1996 usum
1037 1966 1171 2006 cogendi
1188 1966 1287 1996 lactis.

724 2015 764 2044 cf.
779 2013 897 2043 Tibull.
910 2015 950 2049 ΙΙ,
965 2014 993 2050 3,
1013 2024 1026 2042 1
1035 2014 1063 2042 5.
1074 2014 1121 2042 De
1131 2011 1246 2041 hibisco
1258 2023 1289 2042 v.

724 2071 793 2099 sup.
811 2061 858 2095 II,
880 2060 989 2089 30.-—
1001 2069 1052 2096 72.
1070 2057 1205 2087 Facietis
1222 2069 1290 2087 car-

726 2106 813 2134 mina
827 2107 1002 2145 Fragment.
1014 2106 1128 2134 Moret.
1142 2104 1290 2134 Illustrat.

725 2153 896 2181 Burmann.
911 2162 927 2180 e
942 2153 1066 2181 Petron.
1087 2151 1127 2189 39
1144 2157 1174 2179 et
1191 2151 1291 2186 48.—

731 2203 782 2235 7⁴²4·
802 2196 915 2226 Viridis
930 2208 961 2227 se
977 2196 1098 2237 subjicit
1115 2196 1208 2224 alnus
1220 2219 1227 2229 ‚
1250 2203 1293 2224 te-
