1377 2428
1 44 2 60 l

522 99 643 130 LIBER
670 97 725 126 IV.
1158 81 1220 117 415

0 177 2 207 ἢ
29 169 100 207 Hie
115 178 214 202 nunc
231 161 411 200 Emathiae
431 167 562 208 portus
580 155 815 205 patriamque
834 146 962 184 revisit

0 234 1 245 ³
28 230 213 267 Pallenen.
232 227 341 261 Hune
363 230 399 258 et
414 217 599 268 Nymphae
619 223 861 255 veneramur,
878 216 914 244 et
931 206 1011 255 ipse

0 279 3 324 i
30 286 262 326 Grandaevus
279 284 440 326 Nereus3
461 277 566 314 novit
582 287 745 323 namque
765 269 892 307 onmia
908 274 1033 309 VatOS‚

32 351 127 394 Quae
146 345 219 382 sint
231 371 240 388 ,
258 355 341 391 quse
360 339 517 383 fuerint,
536 349 619 386 quae
640 346 728 370 mox
748 339 909 367 ventura
928 324 1137 362 trahantur.

0 407 3 458 J
35 406 187 455 Quippe
206 403 258 439 ita
274 403 452 449 Neptuno
472 397 595 433 visum
613 403 687 438 est,
708 389 884 428 immania
904 384 1008 434 eujus

1180 148 1226 179 390

1186 446 1232 479 395

0 896 5 916 ἶ

0 955 6 968 {i

0 976 6 992 ’ἶ

0 990 6 1022 fi

0 1035 5 1076 l

0 461 4 498 ῗ
38 468 234 508 Armenta,
253 471 289 498 et
309 460 428 510 turpis
445 457 564 508 pascit
583 453 653 491 sub
673 451 821 503 gurgite
838 448 991 498 phocas.

2 623 4 627 ’
41 613 154 641 teriore
178 611 225 639 sui
245 615 332 649 parte
356 609 390 637 111
409 607 508 647 pisces
529 604 608 633 desi-

40 664 170 692 nerent,
193 656 297 695 qualia
329 660 467 683 monstra
492 651 543 681 vel
572 661 612 680 ex

40 702 224 743 vulgaribus
257 701 388 741 picturis
426 706 499 728 nota
529 703 612 734 sunt,

43 749 177 783 metitur,
194 754 342 787 pererrat,
360 745 499 774 medium
515 751 614 773 trans-

43 796 83 831 it,
95 802 130 823 ut
143 804 223 833 saepe
233 800 344 832 poetae.
363 792 487 821 Praeivit
499 792 615 818 Home-

44 852 117 877 rus,
139 838 277 882 πέλαγος
298 836 382 880 μέγα.
402 833 616 878 μετρήσαντες,

45 894 76 916 et
98 885 197 929 μέτρα.
228 882 380 914 κελεύθου,
398 900 443 904 -——
456 884 530 921 391.
546 881 619 909 Pal-

46 934 150 963 Ienem
174 930 294 962 Zulieh.
319 928 498 958 Pallencem
521 926 617 956 Goth.

46 990 95 1019 pr.
112 978 266 1007 Pellenen
288 974 404 1006 Medic.
424 984 440 1003 a
460 983 543 1002 man.
558 983 618 1012 pr„

48 1025 137 1055 solita
184 1022 415 1064 permutatione
455 1019 542 1048 urbis
580 1019 621 1047 A-

52 1071 147 1100 chaiae
167 1079 240 1098 eum
255 1068 351 1097 altera
368 1074 457 1095 terrae
474 1063 621 1095 Macedo-

51 1117 128 1153 niae,
140 1116 216 1145 olim
226 1114 378 1144 Thraciae.
390 1110 623 1150 ——392.Gran-

51 1164 156 1193 daevus
170 1162 309 1195 Nereus,
326 1159 456 1199 proprio
472 1156 622 1197 epitheto,

54 1215 100 1239 est
117 1209 200 1237 enim
216 1217 256 1236 ex
271 1204 493 1244 antiquissimis
509 1203 577 1232 diis.
592 1214 622 1233 v.

55 1253 271 1294 Theogoniam
288 1250 418 1280 Hesiodi
437 1250 513 1279 233.
527 1250 566 1278 Et
577 1250 624 1288 ip-

56 1311 87 1330 se
106 1300 262 1329 maximus
286 1304 363 1326 natu
386 1298 468 1325 inter
482 1296 575 1325 Ponti
589 1295 626 1323 li-

56 1347 159 1376 beros.
177 1346 226 1376 Sic
241 1353 368 1384 quoque
380 1341 555 1383 gramlceva
564 1343 627 1370 Pa-

58 1393 102 1423 les
125 1391 209 1432 apud
232 1391 355 1421 Nemes.
378 1388 443 1418 Ecl.
463 1389 497 1423 Ι,
515 1387 569 1416 68.
584 1404 628 1409 —

62 1440 138 1478 392,
157 1438 232 1476 393.
245 1435 388 1465 Praeclari
403 1444 512 1464 versus
525 1432 562 1462 ad
577 1432 628 1462 de-

59 1483 238 1514 clarandam
258 1492 363 1511 veram
392 1487 500 1509 vatum
525 1480 629 1509 notio-

59 1542 132 1561 nem
163 1540 170 1560 :
199 1538 279 1569 quos
303 1538 369 1557 non
398 1526 504 1555 futura
535 1524 630 1555 modo

59 1576 251 1618 praedixisse,
261 1573 315 1603 sed
331 1573 432 1602 multo
444 1572 539 1612 magis
550 1582 632 1611 prae-

61 1624 160 1653 sentia
174 1622 266 1651 bonis
286 1619 424 1650 consiliis
447 1618 562 1647 rexisse
575 1641 582 1654 ‚
602 1625 633 1647 et

62 1669 218 1710 praeterita
245 1668 349 1696 animo
373 1665 509 1694 tenuisse
528 1664 633 1693 ‹licen-

63 1715 140 1745 dum
164 1721 219 1744 est.
237 1713 330 1742 Versi
348 1718 452 1741 autem
471 1721 579 1740 versus
595 1721 635 1739 ex

65 1761 153 1790 Iliad.
188 1770 227 1797 οι,
254 1769 306 1796 70.
322 1757 567 1797 Antiquior-ibus
586 1756 635 1786 his

67 1806 137 1844 diis,
153 1813 191 1835 ut
208 1808 331 1839 Proteo,
344 1805 387 1833 ita
399 1805 502 1834 Nereo
513 1825 521 1839 ‚
543 1802 636 1832 Glau-

69 1864 106 1883 co
116 1851 176 1893 (cf.
186 1853 260 1882 Not.
271 1850 310 1880 ad
325 1849 474 1890 Apollod.
490 1860 522 1888 p.
542 1849 605 1883 416
614 1847 637 1889 )‚

69 1901 113 1928 sic
123 1900 237 1933 Terrae,
251 1896 404 1932 Themidi,
416 1894 579 1924 divinandi
592 1896 638 1923 vis

71 1945 170 1975 tribui
194 1943 302 1979 solita3
328 1952 387 1971 nee
411 1941 483 1970 satis
506 1947 637 1975 constat,

68 2001 134 2031 qua
147 1989 186 2019 de
200 1998 316 2025 caussa,
333 1989 394 2016 m'si
409 1987 499 2023 forte,
510 1988 584 2026 quia
600 1986 639 2015 de

70 2038 109 2067 iis
131 2034 379 2075 antiquioribus,
399 2040 546 2072 tanquam
564 2039 639 2061 natu

75 2082 265 2120 majoribus,
290 2079 456 2120 prudentia
487 2079 641 2119 insignior

74 2127 237 2170 praedicari
265 2127 353 2157 solet.
383 2142 429 2148 —
453 2126 528 2165 393.
564 2126 644 2153 Sunt

75 2174 198 2205 Zutich.
216 2179 246 2202 et
263 2183 346 2202 unus
367 2171 471 2201 Mead.
490 2169 643 2211 Quaefne-

74 2229 150 2252 rant
159 2219 241 2251 Leid.
258 2229 306 2260 pr.
315 2219 430 2249 Moret.
439 2227 522 2247 unus
535 2217 641 2247 Arun-

664 599 724 629 dcl.
757 595 937 626 Trahenlw·
959 589 1076 622 Medic.
1107 598 1122 617 a
1152 596 1234 615 man.

665 657 712 686 pr.
734 642 914 673 Tralzuntm·
939 637 1025 668 Gud.
1046 647 1063 665 a
1085 644 1168 664 man.
1186 643 1234 672 pr.

667 693 777 721 Franc.
795 689 911 729 Regius
936 683 1077 714 Martini.
1108 682 1189 709 Sunt
1209 684 1239 717 et

668 736 835 767 trahuntur
856 734 948 763 etiam
971 728 1059 763 edd.‚
1080 728 1163 755 inter
1185 724 1240 753 has

670 785 800 822 Argent.
819 782 999 818 Sequuntur
1016 773 1155 803 Gudian.
1181 780 1240 810 pro

671 828 734 857 div.
758 827 844 861 lect.,
861 831 892 853 et
912 826 1084 862 sequentur
1095 816 1240 848 Macroh.

672 876 733 903 Sat.
759 874 791 908 Ι,
821 881 875 900 20.

722 920 785 957 394
798 939 806 953 ‚
824 916 899 956 305.
929 912 1050 953 Quippe
1066 911 1111 940 ita
1123 911 1243 948 Neptu-

675 974 715 993 no
730 963 835 992 ‘visum
853 969 899 990 esc
914 971 924 989 .·
943 960 974 988 h.
991 969 1018 988 e.
1034 957 1176 997 Neptuni
1191 955 1244 983 be-

674 1008 790 1039 neficio
802 1031 809 1045 ,
823 1015 858 1037 ut
881 1008 922 1035 sit
939 1003 1033 1048 γέρας
1058 1013 1073 1032 a
1094 1004 1246 1041 Neptuno

676 1061 849 1095 acceptum.
868 1055 906 1082 In
926 1052 988 1080 hoc
1013 1060 1088 1080 vero
1113 1054 1166 1077 aut
1179 1057 1248 1087 my-

676 1102 791 1131 thicam
801 1099 1007 1129 subtilitatem
1022 1095 1162 1135 neglexit
1173 1103 1248 1133 poe-

677 1155 725 1185 ta3
743 1147 848 1177 Protei
860 1146 956 1180 enim,
970 1145 995 1172 si
1011 1141 1139 1182 quidem
1154 1141 1250 1170 Ocea-

678 1195 711 1222 ni
730 1200 760 1223 et
775 1192 915 1232 Tethyos
936 1189 1040 1229 proles
1064 1187 1133 1223 fuit,
1150 1196 1248 1225 genus

679 1247 710 1268 et
729 1239 868 1268 honores
883 1238 1033 1275 Neptuno
1055 1232 1249 1272 antiquiores

679 1292 769 1321 sunt3
787 1291 840 1313 aut
858 1283 1001 1322 sequitur
1016 1291 1085 1315 eos,
1105 1279 1161 1318 qui
1175 1280 1250 1307 Pro-

680 1339 766 1361 teum
785 1329 928 1370 Neptuni
950 1326 1054 1356 filium
1078 1323 1250 1355 ediderant.

682 1376 844 1407 Immant'a
858 1376 1024 1408 Armenta,
1038 1377 1177 1401 monstra
1188 1380 1251 1398 ma-

682 1425 761 1460 rina,
777 1424 859 1451 inter
878 1431 948 1460 quae
958 1419 1083 1460 phocae,
1100 1416 1193 1446 nobis
1209 1415 1254 1444 vi-

683 1470 743 1499 tuli
774 1479 829 1498 seu
856 1467 954 1496 boves
982 1465 1114 1499 marini,
1140 1470 1254 1502 turpes,

684 1516 765 1544 foeda
784 1515 902 1555 specie;
919 1519 955 1541 ut
974 1522 1044 1551 sup.
1061 1511 1177 1548 Georg.
1196 1510 1254 1545 III,

688 1562 727 1591 52
754 1561 845 1591 bovis
869 1567 956 1598 turpe
983 1564 1088 1597 caput.
1114 1557 1256 1585 Exornat

686 1614 789 1638 autem
811 1607 860 1636 his
884 1603 1026 1634 versibus
1044 1602 1124 1632 illud
1140 1601 1202 1632 Od.
1225 1597 1255 1636 ὃ,

690 1656 753 1684 386
771 1647 983 1685 Ποσειδάωνος
998 1645 1156 1691 ὑποδμώς.
1173 1647 1258 1677 Hinc

688 1703 797 1731 Horat.
819 1700 921 1731 Carm.
946 1698 979 1733 I,
1010 1706 1027 1724 2
1056 1697 1158 1724 Omne
1188 1704 1259 1722 cum

689 1750 820 1778 Proteus
841 1754 939 1786 pecus
966 1749 1045 1780 etc.,
1070 1748 1101 1770 et
1127 1740 1260 1770 omnino

690 1795 790 1834 poetis
813 1792 889 1822 hinc
922 1790 1021 1830 pastio
1045 1792 1261 1817 monstrorum

691 1841 895 1869 marinorum.
918 1837 999 1866 Nata
1020 1841 1123 1863 autem
1137 1831 1264 1862 videtur

691 1886 796 1916 fabula
805 1883 974 1914 Homerica
982 1892 1022 1910 ex
1032 1879 1262 1914 observatione,

692 1931 779 1973 quod
798 1937 883 1961 certo
899 1928 962 1957 diei
977 1933 1117 1966 tempore
1127 1923 1264 1954 incredi-

693 1979 788 2008 bilem
811 1977 988 2017 phocarum
1017 1973 1140 2013 copiam
1158 1968 1264 2010 egredi

693 2027 727 2054 iu
740 2025 813 2054 litus
824 2046 832 2061 ,
853 2029 883 2052 et
898 2021 1030 2061 aprieari
1050 2018 1194 2048 viderent
1208 2016 1265 2045 ho-

694 2073 794 2101 miues
806 2079 892 2109 :quae
905 2078 954 2097 res
969 2071 1183 2097 armentorum
1196 2072 1266 2102 spe-

696 2119 774 2148 ciem
795 2115 940 2152 habebat,
957 2123 1027 2154 quae
1051 2122 1068 2140 a
1087 2116 1212 2151 pastore
1232 2109 1267 2137 in

696 2173 810 2205 pascua
838 2167 985 2202 aguntur.
1016 2159 1072 2188 Est
1102 2163 1205 2185 autem
1231 2164 1266 2183 ea

695 2203 869 2252 phocar‘um
896 2213 1006 2238 natura
1030 2204 1123 2236 etiam
1140 2202 1206 2232 attis
1232 2200 1268 2230 in
