1377 2428
548 66 668 94 LIBER
694 66 735 93 II.

1180 63 1193 73 ‘v
1208 72 1211 73 γ
1227 63 1240 72 ἰ

1180 75 1241 90 dot)

42 127 201 173 Propter
221 136 375 172 aquam,
397 122 515 159 tardis
536 123 665 172 ingens
687 122 762 158 ubi
775 121 937 157 flexibus
957 129 1058 157 errat

40 183 222 227 Mincius,
244 192 280 219 et
300 191 428 219 tenera
448 182 622 232 praetexit
642 181 828 218 arundine
850 182 962 230 ripas.
1214 190 1241 211 »ἢ

42 248 86 281 In
107 244 232 280 medio
252 243 345 280 mihi
362 246 485 280 Caesar
502 244 592 288 erit,
614 243 872 292 templumque
896 241 1047 278 tenebit.

40 305 100 340 Illi
119 305 242 340 victor
262 317 352 353 ego,
374 312 410 339 et
430 304 546 353 Tyrio
568 313 793 352 conspectus
814 303 853 339 in
874 313 995 347 ostro,

40 365 200 400 Centum
217 363 462 413 quadrijugos
482 363 635 413 agitabo
657 363 704 399 ad
724 363 880 398 flumina
896 376 1041 399 currus.

40 425 183 461 Cuncta
208 423 318 470 mihi,
339 424 530 474 Alpheum
551 423 723 473 linquens
745 424 924 472 lucosque
946 423 1134 460 Molorchi
1151 451 1159 468 ,

40 575 87 596 tor
111 567 236 597 divinos
252 568 389 597 honores
405 569 497 597 etiam
519 568 611 597 ludo-

39 625 111 642 rum
139 614 291 643 sollennia
319 616 397 651 sint,
426 616 518 643 etiam
545 615 612 644 haec

38 661 73 689 in
87 662 223 701 Augusti
237 661 391 689 honorem
404 671 436 690 se
452 660 612 690 editurum

42 717 104 735 rsse
128 708 294 745 promittit.
319 708 349 736 Si
373 713 476 735 autem
492 708 611 746 ingenii

39 754 72 781 in
100 759 192 791 poeta
217 754 340 792 copiam
364 759 395 781 et
417 754 611 782 incrementa

39 809 230 838 cognoscere
254 799 370 838 volupe
388 805 449 834 est,
467 799 506 828 cf.
527 806 609 829 extr.

40 851 158 874 =›artem
186 844 308 875 AEneid.
336 846 416 874 VIII
433 867 440 878 ,
470 852 501 874 et
517 855 607 880 eum,

47 892 93 930 Jui
116 890 223 920 locum
248 898 319 920 ante
343 891 453 920 oculos
477 890 608 927 habuit,

36 938 169 966 Statium
193 936 293 966 Theb.
319 938 366 973 II,
398 936 610 973 728—740.

38 984 186 1012 Ceterum
212 983 310 1011 multa
336 982 373 1011 ad
399 982 430 1011 h.
457 982 478 1011 1.
502 981 609 1023 dispu-

37 1035 155 1058 tantem
193 1028 266 1057 vide
305 1029 538 1069 sagacissimum
575 1039 609 1057 ac

37 1074 254 1104 doctissimum
291 1075 393 1103 virum
429 1074 588 1103 Hurdium
600 1097 608 1111 ‚

37 1130 124 1150 nuuc
151 1131 222 1149 ven.
238 1120 480 1159 Vigorniensem
499 1120 510 1161 (
518 1122 611 1150 Wor-

37 1165 179 1206 cestriae)
207 1167 407 1206 episcopum,
433 1166 471 1195 ad
498 1168 608 1196 Horat.

38 1214 135 1252 Epist.
154 1211 193 1241 ad
206 1213 289 1251 Aug.
308 1212 371 1241 vol.
390 1214 439 1247 II,
458 1223 490 1252 p.
509 1214 561 1247 43.

89 1264 139 1294 14.
177 1259 329 1288 Victoriae
365 1265 610 1287 monumentum

38 1311 198 1334 exstruam
229 1304 403 1344 templum,
421 1305 550 1334 Caesaris
572 1306 610 1332 ti-

39 1351 107 1379 tulo
116 1350 435 1380 ornanduu1.P0nere
446 1350 608 1389 templum,

38 1395 176 1433 τιθέναι,
211 1397 283 1425 satis
310 1403 434 1426 notum.
464 1399 606 1436 Propter,

40 1453 139 1482 prope
156 1442 332 1478 Mincium,
349 1442 388 1471 de
405 1443 496 1480 cujus
513 1443 609 1472 inun-

38 1488 142 1517 dantis
162 1489 266 1518 vicina
288 1489 377 1528 aquis
393 1489 610 1529 stagnantibus

39 1545 135 1574 supra
163 1534 301 1564 vidimus
326 1534 364 1563 ad
381 1535 489 1574 Eclog.
506 1537 530 1571 Ι,
549 1535 588 1563 52
602 1546 610 1572 3

37 1581 120 1616 VII,
144 1591 181 1609 12
196 1604 204 1618 ‚
229 1582 289 1617 133
310 1582 425 1621 Georg.
452 1582 502 1617 ΙΙ,
526 1581 608 1620 1983

40 1625 96 1656 inf.
116 1629 187 1657 AEn.
205 1629 237 1657 X
249 1649 257 1663 ‚
281 1627 358 1656 206.
375 1645 421 1650 ———
434 1627 484 1657 16.
503 1630 610 1657 Statua

39 1672 91 1702 dei
104 1673 139 1702 in
158 1673 263 1702 medio
280 1673 411 1713 templo,
427 1672 454 1703 ἐν
474 1675 517 1714 τῷ
531 1675 608 1713 νειῷ,

38 1720 174 1749 sacrario
191 1726 250 1749 :ut
272 1729 353 1759 saepe
380 1721 415 1748 in
435 1720 539 1749 nuniis
563 1720 610 1748 vi-

39 1766 130 1795 situr.

91 1821 142 1849 17.
157 1811 230 1847 Illi,
247 1811 335 1851 quod
356 1813 477 1852 ubique
497 1812 613 1848 editur,

41 1863 148 1886 tuetur
165 1857 281 1888 Medic.
302 1868 376 1887 cum
395 1859 462 1888 aliis
474 1867 481 1888 :
493 1858 525 1889 h.
542 1870 568 1888 e.
581 1860 615 1888 in

43 1903 173 1933 Caesaris
196 1904 368 1941 honorem3
388 1912 420 1934 at
448 1904 521 1933 Illic
550 1907 616 1935 Ro-

41 1959 125 1979 man.
168 1959 241 1978 cum
283 1951 350 1979 aliis
391 1951 616 1990 antiquissimis

26 1996 148 2038 ‚Pie1-ii.
163 2013 209 2017 —
221 1994 329 2024 Victor
344 2007 413 2035 ego,
432 1997 489 2036 qui
502 1998 613 2025 carmi-

43 2043 92 2072 nis
122 2043 260 2082 palmam
279 2052 315 2071 ac
340 2043 471 2083 gloriani
501 2044 535 2071 in
559 2053 612 2082 pa-

44 2089 137 2117 triam
147 2089 326 2126 retulerim;
339 2089 372 2118 id
382 2088 480 2129 quod,
493 2089 617 2119 absolu-

46 2135 86 2163 tis
102 2135 284 2175 Ge01*giciS‚
300 2145 372 2175 quae
384 2136 519 2175 Neapoli
541 2137 618 2165 scri-

47 2180 152 2217 bebat,
163 2181 307 2211 futurum
318 2189 401 2217 erat;
419 2183 477 2212 etsi
490 2181 552 2211 hoc
569 2181 619 2211 atl-

664 570 785 606 jectum
813 570 907 597 nimis
937 575 1105 609 angustum
1138 568 1238 597 videri

666 622 779 654 potest.
802 616 956 654 Loquitur
983 621 1075 654 pocta
1106 616 1238 643 omnino

666 660 705 690 de
719 661 817 699 gloria
832 672 866 690 ac
877 660 969 690 laude
984 661 1142 690 carminis.
1160 663 1238 689 Pur-

660 718 745 746 pum
764 707 966 747 conspicumn
993 706 1076 735 dixit
1098 717 1148 742 se,
1169 714 1235 736 tan-

665 763 760 793 quam
789 764 863 783 eum
875 776 883 790 ‚
913 754 969 793 qui
998 752 1091 782 ludos
1120 752 1235 786 ederet,

665 800 904 839 magistratuum
925 799 1071 838 exemplo
1083 821 1090 835 ‚
1113 799 1170 838 qui
1188 800 1237 827 lu-

665 844 722 874 dos
738 845 911 882 curabant,
936 851 1088 884 praetexta
1112 844 1236 880 indum

664 902 808 930 purpura
824 892 858 920 iu
880 898 961 931 togae
986 901 1040 920 ora
1066 897 1230 931 praetexta.

665 939 709 966 At
726 947 886 977 purpurea
903 938 997 966 vestis
1014 947 1081 966 non
1097 936 1156 965 fuit
1175 938 1235 966 nisi

665 983 943 1022 triumphantium,
959 993 1057 1022 eaque
1072 984 1167 1023 picta,
1185 994 1236 1012 au—

666 1039 701 1057 ro
717 1027 875 1058 distincta.
890 1029 957 1059 Nisi
974 1030 1007 1057 in
1025 1029 1143 1058 Graecis
1159 1030 1236 1057 civi-

665 1074 782 1103 tatibus
799 1076 896 1104 alium
916 1085 1036 1104 morem
1052 1074 1147 1103 fuisse
1164 1085 1237 1104 con-

666 1120 785 1150 tendas.
820 1120 1026 1151 Saeerdotum
1059 1131 1236 1160 purpuram

665 1166 729 1195 huc
769 1166 942 1196 advocabat
978 1167 1115 1196 Servius.
1151 1166 1235 1195 conf.

667 1212 748 1241 Plin.
767 1214 830 1248 IX,
852 1213 906 1248 36,
921 1224 945 1241 s.
963 1212 1018 1241 60,
1032 1228 1078 1234 -q
1090 1212 1140 1241 18.
1157 1212 1236 1251 Agi-

665 1257 740 1286 cabo
756 1268 950 1294 cnrrus‚non
966 1257 1069 1286 altiter
1085 1259 1237 1297 accipien-

666 1303 744 1332 dum
755 1327 763 1340 ‚
795 1315 890 1343 quam
918 1310 1046 1344 poetam
1074 1303 1237 1332 editurum

664 1349 758 1379 ludos
769 1372 777 1387 ,
799 1351 834 1380 in
856 1350 974 1390 quibus
989 1349 1149 1390 quadrigae
1164 1349 1237 1378 mit-

665 1403 782 1430 tantur,
797 1397 964 1437 agitentur.
982 1396 1115 1425 Centum
1133 1402 1237 1424 autem

665 1442 841 1483 quadrigas
857 1450 1007 1482 tanquam
1023 1449 1115 1481 poeta
1128 1443 1237 1481 ponit:

665 1495 696 1517 et
730 1496 814 1518 reete
851 1488 904 1518 hie
942 1498 1096 1517 memores
1128 1488 1237 1517 locum

665 1534 786 1564 Tibulli
815 1537 840 1571 Ι,
861 1546 875 1573 7
891 1558 899 1571 ‚
922 1541 963 1573 49
977 1557 984 1570 ,
1006 1541 1132 1563 eentum
1153 1533 1235 1562 ludis

666 1580 867 1621 Geniumque
888 1579 1010 1609 choreis
1028 1579 1215 1609 concelebra
1226 1592 1236 1611 ,-

664 1637 723 1656 nec
752 1638 820 1657 non
843 1628 946 1656 Gratii
971 1627 1124 1667 Cyneget.
1155 1627 1238 1657 5202

665 1684 737 1702 nam
754 1673 921 1711 subtilius,
938 1683 1032 1712 quam
1050 1673 1154 1701 verius
1177 1682 1240 1700 esse

668 1719 806 1755 videtur,
821 1719 908 1759 quod
936 1720 999 1757 jain
1024 1719 1152 1747 Servius
1171 1728 1239 1746 mo-

669 1767 751 1802 nuit,
769 1765 808 1795 ad
834 1768 926 1796 XXV
943 1766 1056 1794 missus
1088 1763 1240 1793 ludorum

670 1813 870 1842 Circensium
894 1811 956 1840 hoc
976 1810 1179 1840 referendum
1197 1821 1241 1838 es-

669 1869 711 1888 se.
734 1858 791 1887 Ad
807 1857 971 1901 flumina,
1003 1856 1041 1885 ad
1070 1857 1240 1886 Mincium.

668 1906 775 1945 Nugas
792 1905 954 1935 Servianas
973 1902 1082 1932 audire
1100 1913 1167 1932 non
1189 1902 1241 1931 de-

671 1951 791 1979 bebant
807 1953 1009 1990 Interpretes.

722 2008 772 2036 19-
790 1999 869 2026 Suos
891 1996 986 2025 ludos
998 2018 1006 2033 ,
1024 2003 1155 2035 propter
1172 2006 1236 2023 ma<

666 2043 809 2080 jestatem
829 2043 981 2079 numinis,
997 2042 1050 2071 cui
1062 2040 1151 2078 fiant,
1161 2042 1245 2070 Gra*-

671 2100 784 2118 corum
803 2089 954 2129 Olympia
971 2095 1003 2118 et
1019 2089 1145 2118 Nemaea
1166 2088 1246 2116 cele-

672 2136 787 2165 britate
822 2142 1027 2175 superaturos
1059 2145 1125 2163 esse
1158 2134 1246 2163 dicit.

672 2181 832 2222 Alpheum
849 2182 1033 2222 Olympiam
1058 2180 1247 2221 praeterlabi.
