1408 2428
644 63 703 93 CL.
730 64 856 94 HEYN.
1008 106 1013 111 ·
1285 63 1351 102 :xxij

144 127 235 173 bus
260 129 454 192 spiritu,
489 144 586 173 non
623 125 1017 185 contemnendas,
1044 128 1093 174 in
1124 131 1265 175 variis
1292 131 1352 176 ad

146 207 377 268 Georgica
395 205 511 250 locis
530 206 721 251 inserui.

214 345 509 356 .......
547 312 695 353 Fuere
722 311 809 353 viri
839 309 995 365 docti,
1031 312 1114 372 qui
1143 312 1238 357 sive
1266 327 1351 374 per

146 390 317 446 literas,
335 391 431 434 sive
451 391 638 453 scriptis
658 389 790 453 prelo
808 392 1054 453 expressis,
1067 406 1149 435 seu
1169 393 1349 437 monita

147 484 229 514 seu
256 468 452 514 consilia
479 484 562 512 seu
593 467 890 529 conjecturas
911 469 958 512 in
979 468 1232 531 Virgilium
1260 485 1350 515 me-

146 563 255 592 cum
276 548 698 592 communicarent.
721 550 867 592 Grato
889 549 1047 592 animo
1067 550 1227 611 accepi
1248 565 1347 594 om-

145 626 252 681 nia3
284 624 601 686 transtulique
631 626 679 669 in
699 640 859 669 melun
886 641 1026 670 usum
1055 642 1128 679 ea,
1150 642 1255 688 quae
1274 627 1348 670 vel

143 703 303 748 locum
332 702 509 747 habere
539 718 677 765 posse
706 702 782 747 vel
810 703 1006 747 consilio
1026 719 1133 748 meo
1154 719 1345 766 respon-

143 781 254 827 dere
274 780 551 826 arbitrabar.
566 783 767 824 Potuere
786 795 863 824 me
880 778 1042 842 fugere
1063 781 1152 826 alia
1166 817 1177 835 ‚
1199 783 1344 844 inpri—

143 862 232 904 mis
251 860 300 903 in
319 856 617 903 versionibus
635 858 847 902 virorum
865 855 1117 903 doctorum
1131 858 1343 910 latentia;

142 935 203 982 ad
220 936 320 981 haec
339 945 499 981 tamen
515 950 715 998 operose
734 930 999 997 indaganda
1019 946 1065 980 et
1084 936 1346 999 colligenda

142 1015 284 1059 nimis
303 1028 432 1057 eram
453 1020 713 1074 occupatus
740 1012 787 1062 in
816 1010 917 1056 aliis
942 1010 1121 1058 studiis.
1142 1016 1343 1058 Potuere

144 1093 285 1136 etiam
315 1105 400 1153 per
427 1088 696 1144 intervalla,
736 1088 912 1151 quibus
942 1087 1254 1153 deponendus
1288 1107 1343 1136 ex

145 1167 365 1214 manibus
390 1176 491 1212 erat
505 1166 753 1229 Virgilius,
772 1176 818 1210 et
837 1182 921 1229 per
942 1167 1343 1230 interpellationes

146 1244 335 1291 crebras
352 1279 364 1299 ,
394 1242 543 1288 multa
563 1245 722 1288 animo
751 1242 966 1288 excidere
985 1261 995 1299 3
1021 1260 1162 1289 nemo
1183 1246 1343 1307 itaque

143 1326 192 1369 in
224 1321 451 1368 invidiam
482 1319 713 1372 adducat,
757 1322 795 1364 si
827 1319 943 1382 quid
973 1337 999 1364 a
1030 1337 1077 1364 se
1106 1323 1343 1366 monitum

145 1398 266 1445 forte
297 1415 394 1443 non
428 1405 853 1442 commemoratum
885 1398 1126 1459 repererit.
1163 1395 1342 1442 Profes-

146 1493 224 1522 sus
248 1490 443 1538 quoque
460 1474 558 1535 jam
583 1472 642 1518 ab
662 1474 798 1518 initio
826 1488 974 1529 eram,
1008 1490 1103 1518 non
1125 1490 1228 1519 eam
1249 1473 1342 1519 edi-

142 1555 324 1598 tionem
348 1566 424 1595 me
449 1565 614 1613 parare
633 1585 643 1605 ‚
675 1565 780 1611 quae
802 1551 959 1595 omnia
973 1585 984 1605 ‚
1005 1566 1110 1612 quae
1129 1567 1342 1613 unquam

133 1633 191 1683 jn
214 1633 462 1675 Maronem
485 1624 807 1672 animadversa
824 1627 917 1670 sint
933 1636 1013 1671 aut
1034 1627 1341 1672 animadverti

144 1688 346 1771 Possint,
365 1703 733 1767 complectatur3
759 1702 841 1747 sed
866 1720 970 1766 quae
996 1720 1083 1767 pro
1102 1703 1251 1749 fundo
1275 1720 1341 1749 es—

145 1796 214 1831 set
251 1786 325 1830 cui
357 1783 434 1829 alii
467 1791 869 1846 superstruerent‚
896 1781 1151 1838 adderent,
1187 1781 1342 1827 deme-

145 1874 275 1920 rent,
307 1879 394 1927 pro
427 1860 624 1907 consilio
656 1870 736 1905 aut
766 1862 949 1905 ratione
982 1870 1064 1905 aut
1098 1862 1341 1924 copiarum

143 1957 333 1988 suarum
352 1948 595 2003 apparatu.

654 2015 798 2056 Gotting.
821 2017 866 2046 M.
887 2016 1055 2047 Decembr.
1081 2017 1177 2055 1787.
