1377 2428
534 78 658 107 LIBER
684 77 740 106 III.

1177 79 1238 108 301

43 141 120 175 Aut
139 137 308 175 illaudati
329 135 448 173 nescit
467 134 649 171 Busiridis
670 135 778 171 aras?
1229 146 1242 168 5

46 198 117 235 Cui
133 211 210 234 non
228 198 350 234 dictus
371 196 486 245 Hylas
506 207 620 244 puer,
638 203 674 230 et
694 189 853 230 Latonia
871 195 1008 232 Delos?

43 259 361 308 Hippodameque
373 285 383 302 ,
399 257 639 304 humeroque
659 255 791 304 Pelops
807 255 961 305 insignis
982 255 1147 304 eburno,

42 321 141 354 Acer
158 317 289 367 equis?
309 315 506 353 Tentanda
524 314 587 350 via
607 323 681 359 est,
699 327 773 363 qua
789 327 848 350 me
868 327 1020 364 quoque
1041 317 1180 365 possim

41 377 188 414 Tollere
208 377 344 422 humo,
361 375 560 424 victorque
577 374 702 410 virum
721 373 881 409 volitare
900 386 966 422 per
985 387 1063 411 ora.

43 439 187 475 Primus
209 450 278 488 ego
294 436 334 473 in
354 435 520 486 patriam
541 447 706 481 mecum,
727 433 841 470 modo
861 433 939 470 vita
959 436 1139 484 supersit,
1210 455 1238 470 ι.»

43 581 187 614 possent,
205 580 288 604 notae
303 573 435 603 modum
450 583 616 603 excessura

43 627 157 650 essent.
170 639 216 644 -
228 622 257 651 5.
276 620 431 650 Busiridis
446 631 534 649 arces
548 622 617 650 Me-

42 666 105 696 dic.
121 677 137 696 a
150 678 232 697 man.
248 678 297 707 pr.
313 685 360 689 ——
374 669 422 696 De
437 666 611 702 illaudaco,

42 712 74 742 h.
99 712 282 742 detestando
298 712 456 749 Busiride,
472 713 616 752 inprimis

44 759 143 788 multa
175 761 362 799 interpretes
398 759 613 789 cumularunt.

42 807 196 834 Isocratea
218 806 318 835 oratio
341 805 433 846 plane
457 804 508 833 hie
528 815 613 834 com·

43 853 210 881 memorari
231 863 298 881 non
322 851 466 881 debebat.
489 850 549 881 Sed
566 852 613 879 vi-

42 896 139 927 dendi
162 899 306 938 inprimis
325 898 406 927 Gell.
427 899 476 933 ΙΙ,
496 897 532 933 6,
556 897 613 927 ubi

42 944 82 973 cf.
109 946 177 974 Jac.
203 945 345 974 Gronov.
379 942 524 973 Macrob.
550 945 611 974 Sat.

42 992 104 1027 Vl,
133 1002 162 1029 7.
189 991 286 1021 Omni
318 990 528 1030 disputatione
556 1000 612 1029 po-

41 1037 122 1066 tiora
145 1042 219 1066 sunt
240 1036 292 1065 illa
319 1037 415 1065 Gellii
438 1035 533 1064 verba
549 1045 556 1065 ε
571 1036 614 1065 ils

39 1081 184 1112 laudatus
203 1090 249 1112 ese
268 1082 362 1123 quasi
374 1081 564 1111 illaudabilis
580 1090 612 1112 et

38 1129 297 1166 innominabilis,
323 1128 378 1170 qui
401 1139 503 1168 neque
520 1138 608 1157 men·

38 1174 124 1204 tione
145 1182 203 1204 aut
226 1175 378 1204 memoria
396 1175 464 1204 ulla
479 1173 604 1216 dignus,

38 1231 142 1261 neque
157 1232 298 1262 unquam
314 1221 538 1251 memorandus
551 1229 606 1251 est.

38 1268 200 1307 Expressit
215 1275 319 1298 autem
333 1268 460 1298 Homeri
475 1266 528 1297 οὐκ
545 1265 608 1296 ὀνο-

37 1311 138 1355 μαςὸν
152 1313 213 1345 Od.
226 1326 255 1351 τ,
274 1315 339 1344 260
351 1337 359 1352 ,
376 1315 451 1353 597.
466 1315 516 1344 Sic
527 1311 606 1343 ἀπό-

37 1359 134 1394 amoq,
153 1371 183 1390 v,
202 1362 306 1401 Toup.
323 1362 380 1400 Ep.
399 1361 468 1390 crit.
486 1371 519 1400 p.
543 1360 602 1397 823

36 1415 95 1434 nec
119 1405 158 1435 ad
178 1413 285 1436 notam
302 1406 433 1436 formam
450 1403 606 1441 λιτότητος

36 1451 206 1494 confugere
229 1463 354 1482 necesse
379 1459 434 1482 est.
461 1453 527 1482 Etsi
553 1462 606 1482 au-

34 1503 97 1528 tem
124 1499 157 1527 in
180 1499 236 1535 iis,
251 1509 321 1538 quae
344 1509 431 1528 nuuc
462 1505 602 1536 exstant,

35 1544 237 1582 carminibus,
251 1544 401 1574 Busiridis
415 1546 470 1574 vix
484 1546 603 1575 mentio

33 1589 112 1620 facta
129 1592 269 1620 occurrit
290 1600 298 1621 ε
316 1592 421 1632 potuit
443 1598 547 1620 tamen
567 1601 602 1621 ac

33 1635 143 1667 debuit
167 1636 253 1678 (vid.
278 1637 466 1678 Apollodor.
495 1639 542 1673 ΙΙ,
562 1637 601 1675 5,

37 1681 99 1723 11)
115 1683 169 1713 ille
192 1683 231 1712 ab
255 1683 392 1713 Hercule
417 1693 515 1713 caesus
536 1693 601 1713 me-

33 1730 149 1758 morari
163 1729 198 1759 iu
206 1722 392 1772 Ηρακλείαις
402 1752 410 1766 ,
422 1740 487 1770 quo
497 1731 601 1759 nomi-

31 1784 72 1804 ne
95 1775 188 1816 plura
218 1776 293 1805 olim
319 1776 465 1806 exstitere
495 1777 604 1805 carmi-

31 1830 71 1849 na
87 1843 95 1858 ‚
127 1822 271 1862 inprimis
304 1821 445 1852 Pisandri
493 1823 601 1853 Cami-

30 1867 140 1898 tensis.
178 1868 357 1908 Nymphios
386 1868 599 1906 Heracleotae,

31 1914 210 1953 Panyasios.
249 1914 335 1954 (vid.
363 1913 411 1944 ad.
449 1914 600 1954 Apollod.

30 1960 123 1989 Notae
151 1970 184 2000 p.
210 1960 275 1995 324
297 1959 384 2000 sqq.)
402 1960 493 1990 -8.
517 1961 605 1989 Acer

32 2004 140 2045 equis,
174 2005 206 2035 h.
242 2012 306 2035 arte
335 2005 496 2045 equestri,
520 2016 601 2045 qua-

32 2049 131 2091 drigis
161 2050 334 2089 ducendi3‚
362 2058 524 2089 strenuus,
549 2061 601 2081 ex-

33 2097 164 2134 cellens,
182 2093 288 2133 δεινός.

78 2154 110 2183 9.
123 2143 452 2184 Circumspiciendum
464 2142 543 2172 mihi
557 2153 602 2172 ar-

30 2196 234 2229 gumentum,
249 2191 340 2229 eujus
353 2190 538 2221 tractatione
547 2199 603 2220 no-

157 2244 188 2280 L

669 583 742 602 men
767 582 952 613 consequar.
980 573 1089 604 Victor
1112 577 1238 615 poetico

670 625 784 649 ornatu
804 619 979 658 adjectum,
1001 621 1050 649 uti
1072 621 1190 659 solent,
1214 625 1239 652 si

669 665 707 695 de
726 676 839 706 magno
858 666 965 705 aliquo
981 676 1075 706 opere
1093 675 1238 708 peracto,

668 722 780 753 magna
794 723 844 748 re,
862 722 956 751 quam
979 721 1164 753 assequutus
1180 716 1237 751 sis,

668 759 780 799 agitur.
806 759 880 788 Non
895 758 975 787 male
999 761 1146 789 Servius:
1169 761 1237 790 vic-

669 811 725 839 tor,
762 802 895 844 effector
913 805 1073 843 propositi
1100 813 1131 835 et
1154 807 1236 837 voti.

667 851 791 879 Lucret.
812 851 844 886 Ι,
870 850 910 887 76
930 850 1033 879 Omne
1049 850 1237 883 immensum

660 895 851 936 peragravit
872 895 1044 935 Epicurus,
1073 915 1118 920 —
1146 900 1237 929 Unde

666 941 764 982 refert
779 940 868 971 nobis
893 943 1015 979 victor,
1040 943 1120 983 quid
1136 945 1239 984 possit

666 987 742 1017 oriri
761 995 820 1018 etc.
845 987 987 1017 virorum
998 999 1061 1028 per
1074 1000 1132 1019 ora
1151 992 1234 1021 'voli-

665 1042 749 1071 tare‚
775 1035 916 1064 ornatius
939 1045 1055 1075 quam,
1080 1036 1154 1066 ferri
1177 1049 1234 1078 per

663 1090 733 1117 ora,
748 1081 782 1109 in
796 1092 850 1110 ore
863 1083 1006 1110 omnium
1020 1092 1095 1111 esse.
1112 1083 1233 1114 Notum

662 1134 767 1156 autem
788 1128 883 1157 Ennii
905 1127 1010 1157 illud:
1033 1128 1137 1158 volito
1158 1129 1232 1159 vivu

654 1183 719 1212 per
743 1184 800 1202 ora
821 1173 940 1203 virum.
968 1173 1116 1204 Solleune
1134 1186 1231 1215 porro

661 1218 774 1248 famam
794 1220 996 1259 nominisque
1021 1220 1232 1251 celebritatem

660 1276 717 1305 per
743 1266 884 1295 volatum
912 1266 1081 1303 declarari3
1106 1269 1233 1298 ornavit

660 1312 823 1342 notionem
839 1313 949 1342 Horat.
965 1314 1012 1349 ΙΙ,
1031 1313 1134 1344 Carm.
1153 1324 1206 1345 20.

711 1368 761 1388 10.
780 1360 939 1398 Superstes
953 1358 1002 1389 ed.
1019 1360 1131 1390 Venet.
1147 1360 1228 1391 Gell.

660 1405 692 1441 Ι,
714 1415 767 1441 22,
791 1415 918 1434 versum
938 1404 1060 1442 laudat,
1086 1412 1117 1435 et
1138 1413 1230 1446 putat

660 1426 780 1480 dictum
801 1461 867 1480 esse
891 1448 1030 1493 ἀκυρώτε
1034 1461 1099 1493 ρον,
1116 1462 1229 1492 parum

657 1498 802 1537 proprie,
815 1507 874 1537 pro
885 1497 1089 1537 longinquum
1098 1498 1227 1529 di'utms-

657 1553 718 1582 que
739 1543 831 1573 adstt.
848 1561 895 1565 —
914 1553 952 1573 10
967 1560 1012 1566 —
1031 1545 1082 1575 13.
1104 1545 1228 1575 Primus

656 1599 714 1629 ego
728 1589 811 1619 iuter
820 1591 1012 1620 Mantuanos
1025 1600 1142 1620 nomeu
1154 1601 1227 1631 poe-

655 1641 695 1664 tae
711 1645 895 1676 consequar.
912 1637 956 1665 At
979 1636 1041 1666 hoc
1062 1637 1226 1677 splendide

655 1681 800 1711 elocutus
822 1689 878 1712 est.
902 1681 1037 1713 Primus,
1056 1683 1141 1712 Bene
1155 1685 1225 1714 Ser-

655 1728 748 1757 viana
763 1737 770 1758 :
788 1728 866 1757 Ideo
881 1729 1019 1769 primus,
1040 1729 1128 1768 quod
1149 1737 1225 1759 ante

656 1772 746 1803 illum
778 1774 882 1803 nullus
908 1775 1108 1804 Mantuanus
1125 1783 1226 1815 poeta

649 1818 724 1861 ficit.
747 1821 870 1860 Argute
895 1821 993 1860 magis
1013 1831 1108 1860 quam
1133 1832 1225 1859 vere,

655 1866 752 1895 modo
787 1867 907 1895 Graecis
938 1867 1040 1906 poetis
1079 1868 1225 1897 carminis

653 1912 790 1952 palmam
818 1913 957 1952 eripere,
991 1911 1103 1949 modo,
1137 1914 1225 1953 quod

655 1958 798 1988 Catroeus
835 1964 1032 1987 commentus
1066 1965 1128 1996 est,
1165 1960 1225 1990 iter

652 2004 689 2033 in
704 2004 860 2033 Graeciam
871 2004 1030 2043 suscipere
1041 2004 1122 2035 velle
1136 2012 1226 2046 puta-

652 2056 715 2080 tur.
744 2049 808 2089 Qui
831 2049 953 2089 primus
977 2050 1061 2079 inter
1087 2051 1223 2091 aliquem

653 2095 810 2136 populum
829 2101 924 2135 poeta
942 2095 1097 2134 clarescit,
1111 2098 1138 2127 is
1152 2099 1224 2127 Mu-

654 2152 706 2171 sas
733 2151 837 2171 secum
871 2141 903 2170 in
937 2141 1081 2182 patriam
1110 2143 1224 2174 ducere

655 2187 718 2218 dici
733 2194 807 2228 pote
827 2193 856 2217 ετ
871 2194 901 2217 et
915 2189 1056 2218 ornatius
1072 2189 1112 2218 ab
1135 2191 1224 2220 Heli-

1048 2252 1094 2288 26
